2530 3125
394 772 400 783 ι
436 775 448 782 „
493 753 665 787 veterum
701 748 930 798 scriptorum
960 748 1067 786 locos
1092 753 1268 797 spectant
1293 754 1360 785 aut
1386 761 1484 796 quae
1510 762 1633 798 pauca
1657 748 1850 788 subtiliter
1874 755 1913 787 et
1940 750 2094 799 copiose

435 808 489 846 ‘ta
517 807 687 857 exceptis
717 808 1054 857 grammaticorum
1091 806 1407 855 explicationibus
1447 808 1590 855 omnia,
1628 808 1669 844 ni
1699 808 1834 857 fallor,
1874 808 1922 845 ad
1955 810 2093 857 poetas

352 887 357 899 ‚
408 865 411 867 ’
444 866 608 905 Veteres
632 871 760 904 autem
786 865 960 905 rhetores
986 865 1058 904 etsi
1083 864 1214 915 paucis
1240 872 1457 915 exponunt,
1490 865 1584 915 quid
1608 867 1677 916 sit,
1709 880 1825 916 quam
1850 867 1929 904 vim
1953 866 2095 905 habeat

408 926 526 974 ‚hoo
557 931 685 964 tamen
718 937 902 972 quaerere
925 926 1125 991 omittunt,
1163 938 1239 972 qua
1264 925 1409 961 ratione
1434 925 1503 961 illa
1527 925 1650 974 figura
1674 925 1722 962 ab
1749 926 1968 963 oratoribus
1993 926 2090 975 ipsis

221 1107 230 1115 ⁸
285 1093 318 1134 ’ἓ
343 1041 540 1154 asyndeto
566 1114 656 1139 usus
694 1107 809 1148 esset,
835 1100 1090 1139 ostenderem:
1124 1101 1232 1149 cujus
1265 1047 1425 1150 gloriam
1457 1113 1532 1137 non
1565 1100 1718 1138 minime
1742 1101 1834 1138 inde
1860 1107 1981 1138 ortam
2006 1114 2091 1139 esse

295 1156 332 1185 ·“’
379 1159 486 1208 quod
510 1158 750 1207 eloquentiae
775 1158 958 1196 subsidiis
982 1171 1129 1196 summa
1154 1163 1235 1195 arte
1260 1170 1352 1196 usus
1379 1170 1460 1195 esse
1481 1157 1674 1207 judicatus
1700 1158 1760 1196 sit.

152 1209 244 1281 ³32}
280 1216 372 1259 ‘Sed
409 1219 632 1268 priusquam
669 1218 718 1256 ad
746 1218 1046 1257 Demosthenem
1080 1218 1206 1267 ipsum
1231 1218 1475 1256 tractandum
1500 1225 1709 1266 transeam,
1747 1232 1886 1268 operae
1922 1221 2091 1268 pretium

171 1268 468 1333 ,majndetnr
506 1282 545 1313 et
582 1277 677 1325 quid
715 1276 886 1314 homines
922 1276 1025 1314 docti
1063 1276 1273 1326 asyndeton
1310 1277 1585 1314 nominaverint
1615 1281 1656 1313 et
1686 1289 1783 1325 quae
1809 1290 1951 1327 genera
1976 1278 2090 1327 hujus

252 1377 257 1383 ,
293 1332 312 1337 ’
349 1335 580 1374 statuerint
617 1336 833 1374 accuratius
865 1348 1107 1385 cognoscere.
1157 1336 1216 1372 Ac
1247 1341 1393 1374 veteres
1421 1336 1575 1402 quidem
1606 1336 1779 1374 rhetores
1805 1336 1979 1385 plurimi,
2012 1349 2090 1385 qua

150 1357 304 1451 affl
301 1394 502 1446 jejunitate
529 1399 568 1432 et
591 1393 743 1444 inopia,
769 1395 862 1433 satis
887 1393 1030 1432 habent
1054 1393 1265 1444 asyndeton
1273 1395 1310 1444 *)
1335 1395 1466 1443 paucis
1491 1394 1617 1433 verbis
1643 1393 1804 1432 definire
1830 1394 2091 1444 nonnullaque

115 1433 292 1523 *3⁶35oe
293 1453 473 1502 exempla
497 1452 647 1489 afferre.

247 1508 362 1560 Sic
382 1511 551 1561 explicat
575 1510 798 1549 Alexander
823 1510 1035 1561 111,32*):
1067 1510 1169 1548 κατὰ
1192 1513 1304 1549 τοῦτο
1330 1511 1373 1548 τὸ
1399 1513 1526 1558 σχῆμα
1551 1510 1640 1555 τοὺς
1665 1509 1894 1557 συνδέσμους
1919 1514 2090 1559 αἴροντες

172 1568 295 1619 ’Μ
302 1568 563 1618 ὀφεᾶοντας
565 1570 615 1607 τὰ
639 1573 744 1607 κῶλα
769 1569 969 1607 συνάπτειν
995 1569 1092 1607 οὕτω
1118 1573 1240 1619 φαμὲν
1265 1570 1332 1607 τὸν
1356 1573 1487 1616 λογον,
1514 1570 1771 1607 Phoebammo
1796 1568 1871 1615 III,
1896 1571 1945 1607 45
1972 1568 2091 1606 ἀσύν-

265 1625 321 1667 ’ν-
333 1631 412 1666 ἐστι
450 1626 608 1679 φράσις,
644 1632 684 1666 ἐν
715 1643 739 1677 ῃ
772 1630 1067 1677 παραλείπονται
1104 1632 1142 1666 οἱ
1177 1627 1390 1672 συνδέοντες
1420 1628 1638 1676 σύνδεσμοι,
1677 1627 1848 1666 Zonaeus
1885 1626 1971 1675 111,
2018 1628 2089 1666 169

170 1675 396 1733 θἣῆῑέιδεῖόν
423 1691 541 1730 ἐστιν,
574 1686 667 1724 ὅταν
697 1701 811 1735 χωρις
835 1688 910 1724 τῶν
934 1688 1199 1724 συναπτόντων
1223 1686 1436 1734 συνδέσμων
1462 1687 1672 1737 ἑκφέρωμεν
1698 1687 1763 1724 τὸν
1789 1687 1918 1734 λόγον,
1944 1686 2060 1735 alii,¹
2048 1699 2090 1723 ιιι

235 1791 240 1795 ,
256 1744 416 1794 latini,
454 1745 595 1784 eisdem
633 1745 714 1783 fere
752 1745 880 1784 verbis
917 1745 1019 1783 idem
1059 1750 1262 1795 exponunt.
1314 1744 1394 1792 Qui
1433 1758 1520 1783 cum
1549 1745 1646 1783 nihil
1676 1744 1779 1784 aliud
1805 1758 1921 1794 quam
1945 1758 2085 1783 nomen

182 1789 370 1853 ,amuleti
393 1804 714 1854 interpretentur,
740 1804 804 1842 alii
829 1804 986 1854 quidem
1009 1804 1184 1841 nonnulli
1208 1805 1284 1841 vim
1310 1810 1425 1854 atque
1451 1810 1626 1842 naturam
1651 1805 1764 1855 hujus
1788 1805 1938 1855 figurae
1964 1805 2090 1854 ipsam

189 1854 383 1916 &sylinam
408 1863 573 1903 student.
619 1862 709 1911 Qua
732 1864 773 1901 in
798 1877 841 1902 re
865 1869 993 1901 tamen
1017 1863 1324 1913 perincommode
1349 1864 1501 1911 accidit,
1527 1863 1629 1913 quod
1656 1864 1690 1902 ei
1716 1877 1813 1912 quos
1839 1864 1983 1913 optime
2009 1863 2088 1902 dis-

188 1920 328 1973 putate
352 1922 525 1971 potuisse
551 1923 805 1960 certissimum
830 1927 901 1970 est,
926 1922 1170 1969 Aristoteles,
1189 1921 1470 1972 Hermogenes,
1491 1921 1640 1970 Cicero,
1662 1921 1942 1970 Quintilianus,
1967 1934 2092 1972 pauca

171 1975 469 2030 Quarum,
508 1981 624 2019 ceteri
660 1985 806 2029 autem,
840 1993 926 2019 cum
958 1981 1220 2030 quaestionem
1252 1982 1332 2019 fere
1362 1994 1407 2019 eo
1433 1981 1632 2030 referrent,
1664 1995 1754 2019 num
1780 1980 1859 2019 κατ’
1891 1982 2029 2027 ὄνομα
2038 1994 2089 2018 an

237 2043 239 2045 ’
256 2052 303 2085 ει.
306 2038 445 2086 κόμμα
468 2052 516 2076 an
540 2038 641 2078 κατὰ
666 2041 788 2077 κωλον
813 2039 1024 2089 asyndeton
1049 2040 1218 2089 positum
1239 2045 1338 2077 esset
1356 2045 1393 2077 et
1414 2053 1525 2089 qnam
1548 2052 1700 2089 quoque
1719 2040 1805 2078 loco
1825 2040 1902 2076 vim
1916 2038 2088 2100 haberet,

244 2094 482 2166 doctrinam
507 2097 556 2136 de
582 2097 769 2148 asyndeto
795 2099 1010 2165 augendam
1034 2098 1136 2137 haud
1161 2100 1215 2136 ita
1240 2099 1401 2137 multum
1427 2099 1681 2138 contulerunt

285 2221 319 2261 *)
337 2197 391 2253 Sic
412 2220 493 2252 haec
512 2220 618 2261 figura
637 2231 657 2253 a
677 2221 825 2261 plurimis
845 2221 1059 2261 scriptoribus
1079 2226 1222 2253 vocatur.
1242 2222 1317 2253 Alia
1336 2222 1468 2253 nomina
1488 2222 1567 2253 haec
1588 2225 1717 2253 extant:
1742 2217 1847 2259 λύσις
1867 2221 2088 2260 (Demetrius),

188 2274 358 2328 ᾷᾴλυσες
367 2279 594 2320 (Herodianus,
608 2279 803 2320 Demetrius,
817 2279 1011 2320 Alexander,
1026 2280 1169 2313 Rutilius
1179 2281 1313 2321 Lupus),
1323 2273 1597 2323 ἀπολελυμένον
1608 2279 1824 2319 (Herodianus
1836 2281 1870 2310 et
1879 2279 2089 2320 Demetrius),

223 2336 233 2346 ³
275 2348 366 2374 nrm·
385 2337 505 2378 (Julius
525 2338 717 2371 Rufinianus
736 2342 771 2371 et
789 2339 891 2379 Beda)
912 2349 1014 2379 eaque
1032 2340 1067 2370 in
1086 2339 1233 2380 linguam
1247 2340 1385 2371 latinam
1398 2348 1492 2371 versa
1506 2339 1687 2377 dissolutio,
1708 2338 1914 2378 dissolutum,
1934 2340 2088 2379 solutum,

244 2405 258 2445 ’μ
271 2433 278 2439 .
308 2397 396 2438 οκίος
421 2396 595 2438 Dionysius
619 2397 655 2429 in
680 2397 755 2429 Jud.
777 2398 852 2438 Lys.
878 2407 949 2439 cap.
969 2399 989 2429 9
1010 2398 1187 2431 dictionem
1207 2399 1398 2430 dissolutam
1418 2400 1514 2429 vocat
1533 2391 1795 2440 διαλελυμένην
1821 2400 1856 2429 et
1881 2394 2087 2441 σύντομονς

275 2456 409 2491 cilianus
430 2457 498 2496 1x.,
519 2459 548 2496 3,
569 2458 610 2488 50
629 2466 703 2489 eam
722 2468 742 2489 a
761 2457 926 2489 nonnullis
946 2458 1045 2489 etiam
1064 2455 1320 2502 βραχυλολίαν
1341 2457 1406 2488 dici
1426 2460 1529 2488 notat.

238 2509 250 2544 ’ᾗ
287 2512 340 2553 **)
358 2511 397 2543 In
416 2521 607 2554 graecorum
625 2511 791 2544 rhetorum
810 2512 919 2545 verbis
939 2512 1113 2544 afferendis
1134 2511 1296 2544 Leonardi
1316 2511 1480 2553 Spengelii
1501 2511 1643 2544 editione
1662 2521 1739 2543 usus
1760 2522 1840 2544 sum.

1871 2576 1887 2610 l
