<?xml version="1.0" encoding="UTF-8"?>
<!DOCTYPE html PUBLIC "-//W3C//DTD XHTML 1.0 Transitional//EN"
    "http://www.w3.org/TR/xhtml1/DTD/xhtml1-transitional.dtd">
<html xmlns="http://www.w3.org/1999/xhtml" xml:lang="en" lang="en">
 <head>
  <title>
</title>
<meta http-equiv="Content-Type" content="text/html;charset=utf-8" />
  <meta name='ocr-system' content='tesseract 3.04.00' />
  <meta name='ocr-capabilities' content='ocr_page ocr_carea ocr_par ocr_line ocrx_word'/>
</head>
<body>
  <div class='ocr_page' id='page_1' title='image "4774691_0011.png"; bbox 0 0 2530 3125; ppageno 0'>
   <div class='ocr_carea' id='block_1_1' title="bbox 0 0 2530 473">
    <p class='ocr_par' dir='ltr' id='par_1_1' title="bbox 0 0 2530 473">
     <span class='ocr_line' id='line_1_1' title="bbox 0 0 2530 473; baseline 0 0"><span class='ocrx_word' id='word_1_1' title='bbox 0 0 2530 473; x_wconf 95' lang='lat' dir='ltr'>  </span> 
     </span>
    </p>
   </div>
   <div class='ocr_carea' id='block_1_2' title="bbox 0 336 2410 2038">
    <p class='ocr_par' dir='ltr' id='par_1_2' title="bbox 0 336 2436 2038">
     <span class='ocr_line' id='line_1_2' title="bbox 346 336 2243 447; baseline 0.004 -16"><span class='ocrx_word' id='word_1_2' title='bbox 346 386 361 405; x_wconf 61' lang='lat'><em>³</em></span> <span class='ocrx_word' id='word_1_3' title='bbox 418 390 489 432; x_wconf 68' lang='lat' dir='ltr'>eis</span> <span class='ocrx_word' id='word_1_4' title='bbox 525 394 717 443; x_wconf 74' lang='lat' dir='ltr'>rationes,</span> <span class='ocrx_word' id='word_1_5' title='bbox 753 394 805 431; x_wconf 79' lang='lat' dir='ltr'>ad</span> <span class='ocrx_word' id='word_1_6' title='bbox 843 406 941 443; x_wconf 82' lang='lat' dir='ltr'>quas</span> <span class='ocrx_word' id='word_1_7' title='bbox 967 336 1192 445; x_wconf 81' lang='lat' dir='ltr'>Gregorius</span> <span class='ocrx_word' id='word_1_8' title='bbox 1220 396 1288 432; x_wconf 93' lang='lat' dir='ltr'>illo</span> <span class='ocrx_word' id='word_1_9' title='bbox 1327 396 1483 432; x_wconf 82' lang='lat' dir='ltr'>rhetore</span> <span class='ocrx_word' id='word_1_10' title='bbox 1521 396 1621 433; x_wconf 88' lang='lat' dir='ltr'>duce</span> <span class='ocrx_word' id='word_1_11' title='bbox 1659 374 1871 433; x_wconf 62' lang='lat' dir='ltr'>dootfinam</span> <span class='ocrx_word' id='word_1_12' title='bbox 1900 390 1954 433; x_wconf 69' lang='lat' dir='ltr'>de</span> <span class='ocrx_word' id='word_1_13' title='bbox 1985 395 2198 447; x_wconf 45' lang='lat' dir='ltr'>asyam}</span> <span class='ocrx_word' id='word_1_14' title='bbox 2212 416 2243 446; x_wconf 34' lang='grc' dir='ltr'>ῖς,</span> 
     </span>
     <span class='ocr_line' id='line_1_3' title="bbox 419 450 2246 507; baseline 0.002 -16"><span class='ocrx_word' id='word_1_15' title='bbox 419 452 647 503; x_wconf 79' lang='lat' dir='ltr'>rejiciendas</span> <span class='ocrx_word' id='word_1_16' title='bbox 670 454 899 503; x_wconf 83' lang='lat' dir='ltr'>putaverim.</span> <span class='ocrx_word' id='word_1_17' title='bbox 950 454 1215 504; x_wconf 82' lang='lat' dir='ltr'>Hermogenes</span> <span class='ocrx_word' id='word_1_18' title='bbox 1243 454 1342 492; x_wconf 88' lang='lat' dir='ltr'>enim</span> <span class='ocrx_word' id='word_1_19' title='bbox 1368 454 1429 502; x_wconf 93' lang='grc' dir='ltr'>ΙΙ,</span> <span class='ocrx_word' id='word_1_20' title='bbox 1454 455 1527 492; x_wconf 81' lang='lat'>435</span> <span class='ocrx_word' id='word_1_21' title='bbox 1555 468 1625 504; x_wconf 60' lang='lat' dir='ltr'>sq„</span> <span class='ocrx_word' id='word_1_22' title='bbox 1651 455 1718 493; x_wconf 91' lang='lat' dir='ltr'>ubi</span> <span class='ocrx_word' id='word_1_23' title='bbox 1743 454 1963 505; x_wconf 74' lang='lat' dir='ltr'><strong>asyndeton</strong></span> <span class='ocrx_word' id='word_1_24' title='bbox 1983 460 2039 494; x_wconf 89' lang='lat' dir='ltr'>et</span> <span class='ocrx_word' id='word_1_25' title='bbox 2043 451 2189 507; x_wconf 78' lang='lat' dir='ltr'>p&#39;oly</span> <span class='ocrx_word' id='word_1_26' title='bbox 2225 450 2246 457; x_wconf 50' lang='lat'>&#39;⁵</span> 
     </span>
     <span class='ocr_line' id='line_1_4' title="bbox 420 511 2373 566; baseline 0.003 -18"><span class='ocrx_word' id='word_1_27' title='bbox 420 511 485 561; x_wconf 81' lang='grc' dir='ltr'>(τὸ</span> <span class='ocrx_word' id='word_1_28' title='bbox 522 512 620 560; x_wconf 81' lang='grc' dir='ltr'><em>μετὰ</em></span> <span class='ocrx_word' id='word_1_29' title='bbox 645 515 720 549; x_wconf 78' lang='grc' dir='ltr'><em>τῶν</em></span> <span class='ocrx_word' id='word_1_30' title='bbox 745 511 961 560; x_wconf 75' lang='grc' dir='ltr'><strong><em>συνδέσμων</em></strong></span> <span class='ocrx_word' id='word_1_31' title='bbox 987 514 1201 560; x_wconf 83' lang='grc' dir='ltr'><em>λεγόμενον)</em></span> <span class='ocrx_word' id='word_1_32' title='bbox 1212 514 1248 559; x_wconf 86' lang='grc'>*)</span> <span class='ocrx_word' id='word_1_33' title='bbox 1288 514 1388 550; x_wconf 89' lang='lat' dir='ltr'>inter</span> <span class='ocrx_word' id='word_1_34' title='bbox 1415 526 1456 551; x_wconf 89' lang='lat' dir='ltr'>se</span> <span class='ocrx_word' id='word_1_35' title='bbox 1482 519 1698 563; x_wconf 84' lang='lat' dir='ltr'>comparat,</span> <span class='ocrx_word' id='word_1_36' title='bbox 1725 514 1821 552; x_wconf 85' lang='lat' dir='ltr'>haec</span> <span class='ocrx_word' id='word_1_37' title='bbox 1846 514 1957 553; x_wconf 89' lang='lat' dir='ltr'>dicit.</span> <span class='ocrx_word' id='word_1_38' title='bbox 1989 515 2108 553; x_wconf 79' lang='grc' dir='ltr'>ταὺτὸ</span> <span class='ocrx_word' id='word_1_39' title='bbox 2133 517 2204 565; x_wconf 57' lang='grc' dir='ltr'>δᾴ</span> <span class='ocrx_word' id='word_1_40' title='bbox 2318 560 2336 566; x_wconf 30' lang='grc' dir='ltr'>η</span> <span class='ocrx_word' id='word_1_41' title='bbox 2369 558 2373 561; x_wconf 60' lang='grc'>,</span> 
     </span>
     <span class='ocr_line' id='line_1_5' title="bbox 369 570 2273 624; baseline 0.003 -17"><span class='ocrx_word' id='word_1_42' title='bbox 369 602 373 605; x_wconf 98' lang='grc'>.</span> <span class='ocrx_word' id='word_1_43' title='bbox 416 584 515 620; x_wconf 71' lang='grc' dir='ltr'>τερα</span> <span class='ocrx_word' id='word_1_44' title='bbox 550 573 675 615; x_wconf 81' lang='grc' dir='ltr'>δηλοῖ,</span> <span class='ocrx_word' id='word_1_45' title='bbox 715 574 781 608; x_wconf 82' lang='grc' dir='ltr'>καὶ</span> <span class='ocrx_word' id='word_1_46' title='bbox 819 572 1012 619; x_wconf 76' lang='grc' dir='ltr'>ἐργάζεται</span> <span class='ocrx_word' id='word_1_47' title='bbox 1050 575 1116 609; x_wconf 83' lang='grc' dir='ltr'>καὶ</span> <span class='ocrx_word' id='word_1_48' title='bbox 1153 572 1319 618; x_wconf 78' lang='grc' dir='ltr'>μέγεθος</span> <span class='ocrx_word' id='word_1_49' title='bbox 1357 572 1494 617; x_wconf 83' lang='grc' dir='ltr'><em>ὁμοίως</em></span> <span class='ocrx_word' id='word_1_50' title='bbox 1525 576 1590 610; x_wconf 82' lang='grc' dir='ltr'>καὶ</span> <span class='ocrx_word' id='word_1_51' title='bbox 1616 575 1784 618; x_wconf 75' lang='grc' dir='ltr'>πλῆθος,</span> <span class='ocrx_word' id='word_1_52' title='bbox 1816 572 1910 611; x_wconf 82' lang='grc' dir='ltr'><em>ὅταν</em></span> <span class='ocrx_word' id='word_1_53' title='bbox 1935 573 2115 623; x_wconf 76' lang='grc' dir='ltr'>ἑκατέρου</span> <span class='ocrx_word' id='word_1_54' title='bbox 2139 570 2273 624; x_wconf 55' lang='grc' dir='ltr'>καιρὸς</span> 
     </span>
     <span class='ocr_line' id='line_1_6' title="bbox 423 628 2255 685; baseline 0.002 -16"><span class='ocrx_word' id='word_1_55' title='bbox 423 628 564 669; x_wconf 78' lang='grc' dir='ltr'><em>ταύτὸν</em></span> <span class='ocrx_word' id='word_1_56' title='bbox 595 630 634 667; x_wconf 76' lang='grc' dir='ltr'>δὲ</span> <span class='ocrx_word' id='word_1_57' title='bbox 663 631 894 679; x_wconf 77' lang='grc' dir='ltr'>ἐργαζόμενα</span> <span class='ocrx_word' id='word_1_58' title='bbox 918 629 990 675; x_wconf 79' lang='grc' dir='ltr'>οὐχ</span> <span class='ocrx_word' id='word_1_59' title='bbox 1016 630 1153 677; x_wconf 81' lang='grc' dir='ltr'><em>ὁμοίως</em></span> <span class='ocrx_word' id='word_1_60' title='bbox 1179 629 1390 680; x_wconf 76' lang='grc' dir='ltr'>ἐργάζεται,</span> <span class='ocrx_word' id='word_1_61' title='bbox 1423 630 1522 669; x_wconf 76' lang='grc' dir='ltr'>αλλὰ</span> <span class='ocrx_word' id='word_1_62' title='bbox 1549 632 1592 670; x_wconf 83' lang='grc' dir='ltr'>τὸ</span> <span class='ocrx_word' id='word_1_63' title='bbox 1618 633 1684 679; x_wconf 78' lang='grc' dir='ltr'><em>μὲν</em></span> <span class='ocrx_word' id='word_1_64' title='bbox 1709 631 1805 678; x_wconf 82' lang='grc' dir='ltr'><em>μετὰ</em></span> <span class='ocrx_word' id='word_1_65' title='bbox 1830 628 2046 679; x_wconf 73' lang='grc' dir='ltr'><em>συνδέσμὼν</em></span> <span class='ocrx_word' id='word_1_66' title='bbox 2069 634 2255 685; x_wconf 58' lang='grc' dir='ltr'>πραγμὰῐ</span> 
     </span>
     <span class='ocr_line' id='line_1_7' title="bbox 421 686 2282 739; baseline 0.003 -15"><span class='ocrx_word' id='word_1_67' title='bbox 421 688 574 733; x_wconf 77' lang='grc' dir='ltr'>πλῆθος</span> <span class='ocrx_word' id='word_1_68' title='bbox 610 686 633 733; x_wconf 85' lang='grc' dir='ltr'><em>ἢ</em></span> <span class='ocrx_word' id='word_1_69' title='bbox 672 686 910 736; x_wconf 76' lang='grc' dir='ltr'>μέγεθος..</span> <span class='ocrx_word' id='word_1_70' title='bbox 939 717 947 725; x_wconf 94' lang='grc'><strong>.</strong></span> <span class='ocrx_word' id='word_1_71' title='bbox 975 719 985 728; x_wconf 82' lang='grc'><strong>.</strong></span> <span class='ocrx_word' id='word_1_72' title='bbox 1012 715 1022 731; x_wconf 90' lang='grc'>,</span> <span class='ocrx_word' id='word_1_73' title='bbox 1054 688 1098 724; x_wconf 84' lang='grc' dir='ltr'>τὸ</span> <span class='ocrx_word' id='word_1_74' title='bbox 1137 690 1177 725; x_wconf 83' lang='grc' dir='ltr'>δὲ</span> <span class='ocrx_word' id='word_1_75' title='bbox 1215 689 1304 725; x_wconf 80' lang='grc' dir='ltr'><em>ἄνευ</em></span> <span class='ocrx_word' id='word_1_76' title='bbox 1342 689 1557 737; x_wconf 76' lang='grc' dir='ltr'><em>συνδέσμων</em></span> <span class='ocrx_word' id='word_1_77' title='bbox 1596 690 1794 737; x_wconf 72' lang='grc' dir='ltr'><em>λεγόμενον</em></span> <span class='ocrx_word' id='word_1_78' title='bbox 1831 689 1975 735; x_wconf 74' lang='grc' dir='ltr'><em>ἠθικόν</em></span> <span class='ocrx_word' id='word_1_79' title='bbox 2012 694 2123 729; x_wconf 79' lang='grc' dir='ltr'><em>ἐστιν.</em></span> <span class='ocrx_word' id='word_1_80' title='bbox 2175 689 2282 739; x_wconf 70' lang='lat' dir='ltr'>Qnib</span> 
     </span>
     <span class='ocr_line' id='line_1_8' title="bbox 420 741 2331 801; baseline 0.002 -18"><span class='ocrx_word' id='word_1_81' title='bbox 420 746 547 784; x_wconf 86' lang='lat' dir='ltr'>verbis</span> <span class='ocrx_word' id='word_1_82' title='bbox 580 747 651 783; x_wconf 83' lang='lat' dir='ltr'>etsi</span> <span class='ocrx_word' id='word_1_83' title='bbox 680 752 801 794; x_wconf 85' lang='lat' dir='ltr'>recte,</span> <span class='ocrx_word' id='word_1_84' title='bbox 835 753 877 784; x_wconf 91' lang='lat' dir='ltr'>ut</span> <span class='ocrx_word' id='word_1_85' title='bbox 908 753 1045 796; x_wconf 82' lang='lat' dir='ltr'>postea.</span> <span class='ocrx_word' id='word_1_86' title='bbox 1076 747 1304 793; x_wconf 81' lang='lat' dir='ltr'>videbimus,</span> <span class='ocrx_word' id='word_1_87' title='bbox 1337 748 1513 795; x_wconf 82' lang='lat' dir='ltr'>docetur,</span> <span class='ocrx_word' id='word_1_88' title='bbox 1547 754 1752 796; x_wconf 88' lang='lat' dir='ltr'>utramque</span> <span class='ocrx_word' id='word_1_89' title='bbox 1785 754 1824 785; x_wconf 86' lang='lat' dir='ltr'>et</span> <span class='ocrx_word' id='word_1_90' title='bbox 1854 748 2025 794; x_wconf 74' lang='grc' dir='ltr'>μέγεθος</span> <span class='ocrx_word' id='word_1_91' title='bbox 2051 754 2091 786; x_wconf 87' lang='lat' dir='ltr'>et</span> <span class='ocrx_word' id='word_1_92' title='bbox 2113 741 2331 801; x_wconf 38' lang='lat' dir='ltr'>umbrie&amp;</span> 
     </span>
     <span class='ocr_line' id='line_1_9' title="bbox 420 802 2333 857; baseline 0.003 -14"><span class='ocrx_word' id='word_1_93' title='bbox 420 803 594 852; x_wconf 85' lang='lat' dir='ltr'>efficere,</span> <span class='ocrx_word' id='word_1_94' title='bbox 625 810 752 844; x_wconf 84' lang='lat' dir='ltr'>tamen</span> <span class='ocrx_word' id='word_1_95' title='bbox 784 819 860 844; x_wconf 91' lang='lat' dir='ltr'>non</span> <span class='ocrx_word' id='word_1_96' title='bbox 892 806 1147 856; x_wconf 89' lang='lat' dir='ltr'>intellegitur,</span> <span class='ocrx_word' id='word_1_97' title='bbox 1186 819 1255 844; x_wconf 88' lang='lat' dir='ltr'>cur</span> <span class='ocrx_word' id='word_1_98' title='bbox 1285 807 1568 857; x_wconf 80' lang='lat' dir='ltr'>polysyndeton</span> <span class='ocrx_word' id='word_1_99' title='bbox 1596 819 1723 845; x_wconf 89' lang='lat' dir='ltr'>rerum</span> <span class='ocrx_word' id='word_1_100' title='bbox 1749 812 1787 846; x_wconf 89' lang='lat' dir='ltr'>et</span> <span class='ocrx_word' id='word_1_101' title='bbox 1813 806 2113 857; x_wconf 80' lang='lat' dir='ltr'>magnitudinem</span> <span class='ocrx_word' id='word_1_102' title='bbox 2138 813 2177 847; x_wconf 81' lang='lat' dir='ltr'>et</span> <span class='ocrx_word' id='word_1_103' title='bbox 2200 802 2333 851; x_wconf 57' lang='lat' dir='ltr'>niuhs-</span> 
     </span>
     <span class='ocr_line' id='line_1_10' title="bbox 420 861 2336 920; baseline 0.003 -19"><span class='ocrx_word' id='word_1_104' title='bbox 420 864 597 902; x_wconf 80' lang='lat' dir='ltr'>tudinem</span> <span class='ocrx_word' id='word_1_105' title='bbox 629 865 867 915; x_wconf 87' lang='lat' dir='ltr'>significare,</span> <span class='ocrx_word' id='word_1_106' title='bbox 901 865 1116 915; x_wconf 82' lang='lat' dir='ltr'>asyndeton</span> <span class='ocrx_word' id='word_1_107' title='bbox 1149 875 1277 903; x_wconf 86' lang='lat' dir='ltr'>autem</span> <span class='ocrx_word' id='word_1_108' title='bbox 1302 866 1351 903; x_wconf 88' lang='lat' dir='ltr'>ad</span> <span class='ocrx_word' id='word_1_109' title='bbox 1379 861 1479 909; x_wconf 75' lang='grc' dir='ltr'>ἦθος</span> <span class='ocrx_word' id='word_1_110' title='bbox 1504 866 1697 916; x_wconf 87' lang='lat' dir='ltr'>pertinere</span> <span class='ocrx_word' id='word_1_111' title='bbox 1722 866 1884 906; x_wconf 88' lang='lat' dir='ltr'>dicatur</span> <span class='ocrx_word' id='word_1_112' title='bbox 1936 867 2039 905; x_wconf 84' lang='lat' dir='ltr'>Nam</span> <span class='ocrx_word' id='word_1_113' title='bbox 2065 868 2132 917; x_wconf 90' lang='lat' dir='ltr'>qui</span> <span class='ocrx_word' id='word_1_114' title='bbox 2156 862 2336 920; x_wconf 63' lang='lat' dir='ltr'>exempla</span> 
     </span>
     <span class='ocr_line' id='line_1_11' title="bbox 422 921 2379 976; baseline 0.002 -15"><span class='ocrx_word' id='word_1_115' title='bbox 422 937 469 961; x_wconf 86' lang='lat' dir='ltr'>ex</span> <span class='ocrx_word' id='word_1_116' title='bbox 487 925 762 962; x_wconf 83' lang='lat' dir='ltr'>Demosthenis</span> <span class='ocrx_word' id='word_1_117' title='bbox 788 926 1026 962; x_wconf 90' lang='lat' dir='ltr'>orationibus</span> <span class='ocrx_word' id='word_1_118' title='bbox 1053 926 1156 961; x_wconf 89' lang='lat' dir='ltr'>infra</span> <span class='ocrx_word' id='word_1_119' title='bbox 1178 926 1292 962; x_wconf 84' lang='lat' dir='ltr'>allata</span> <span class='ocrx_word' id='word_1_120' title='bbox 1310 926 1528 962; x_wconf 81' lang='lat' dir='ltr'>accuratius</span> <span class='ocrx_word' id='word_1_121' title='bbox 1548 926 1736 975; x_wconf 84' lang='lat' dir='ltr'>inspiciet,</span> <span class='ocrx_word' id='word_1_122' title='bbox 1764 940 1895 963; x_wconf 83' lang='lat' dir='ltr'>eorum</span> <span class='ocrx_word' id='word_1_123' title='bbox 1919 940 2169 976; x_wconf 78' lang='lat' dir='ltr'>permagnam</span> <span class='ocrx_word' id='word_1_124' title='bbox 2187 921 2379 976; x_wconf 70' lang='lat' dir='ltr'>partem</span> 
     </span>
     <span class='ocr_line' id='line_1_12' title="bbox 419 983 2342 1035; baseline 0.002 -15"><span class='ocrx_word' id='word_1_125' title='bbox 419 983 624 1033; x_wconf 86' lang='lat' dir='ltr'>intelleget</span> <span class='ocrx_word' id='word_1_126' title='bbox 664 985 744 1033; x_wconf 90' lang='lat' dir='ltr'>ejus</span> <span class='ocrx_word' id='word_1_127' title='bbox 781 997 863 1022; x_wconf 87' lang='lat' dir='ltr'>esse</span> <span class='ocrx_word' id='word_1_128' title='bbox 903 983 1057 1021; x_wconf 87' lang='lat' dir='ltr'>dicendi</span> <span class='ocrx_word' id='word_1_129' title='bbox 1096 984 1269 1033; x_wconf 85' lang='lat' dir='ltr'>generis,</span> <span class='ocrx_word' id='word_1_130' title='bbox 1310 984 1417 1032; x_wconf 92' lang='lat' dir='ltr'>quod</span> <span class='ocrx_word' id='word_1_131' title='bbox 1456 985 1583 1033; x_wconf 87' lang='lat' dir='ltr'>potius</span> <span class='ocrx_word' id='word_1_132' title='bbox 1616 985 1967 1023; x_wconf 87' lang='lat' dir='ltr'>vehementissimos</span> <span class='ocrx_word' id='word_1_133' title='bbox 1998 985 2136 1023; x_wconf 85' lang='lat' dir='ltr'>habeat</span> <span class='ocrx_word' id='word_1_134' title='bbox 2161 985 2342 1035; x_wconf 68' lang='lat' dir='ltr'>affectus.</span> 
     </span>
     <span class='ocr_line' id='line_1_13' title="bbox 419 1041 2373 1094; baseline 0.001 -15"><span class='ocrx_word' id='word_1_135' title='bbox 419 1041 506 1079; x_wconf 85' lang='lat' dir='ltr'>Nec</span> <span class='ocrx_word' id='word_1_136' title='bbox 533 1043 657 1092; x_wconf 82' lang='lat' dir='ltr'>magis</span> <span class='ocrx_word' id='word_1_137' title='bbox 698 1048 756 1080; x_wconf 88' lang='lat' dir='ltr'>est</span> <span class='ocrx_word' id='word_1_138' title='bbox 796 1056 864 1080; x_wconf 88' lang='lat' dir='ltr'>cur</span> <span class='ocrx_word' id='word_1_139' title='bbox 902 1043 943 1079; x_wconf 91' lang='lat' dir='ltr'>id</span> <span class='ocrx_word' id='word_1_140' title='bbox 983 1043 1089 1091; x_wconf 89' lang='lat' dir='ltr'>quod</span> <span class='ocrx_word' id='word_1_141' title='bbox 1112 1042 1272 1079; x_wconf 67' lang='lat' dir='ltr'>dicitur</span> <span class='ocrx_word' id='word_1_142' title='bbox 1310 1044 1572 1091; x_wconf 83' lang='grc' dir='ltr'>πραγματικὸν</span> <span class='ocrx_word' id='word_1_143' title='bbox 1611 1046 1761 1088; x_wconf 77' lang='grc' dir='ltr'><em>πλῆθος</em></span> <span class='ocrx_word' id='word_1_144' title='bbox 1800 1044 1822 1088; x_wconf 84' lang='grc' dir='ltr'><em>ἢ</em></span> <span class='ocrx_word' id='word_1_145' title='bbox 1861 1043 2029 1091; x_wconf 73' lang='grc' dir='ltr'>μέγεθος</span> <span class='ocrx_word' id='word_1_146' title='bbox 2069 1044 2117 1081; x_wconf 84' lang='lat' dir='ltr'>ab</span> <span class='ocrx_word' id='word_1_147' title='bbox 2151 1045 2373 1094; x_wconf 67' lang='lat' dir='ltr'>asyndeto</span> 
     </span>
     <span class='ocr_line' id='line_1_14' title="bbox 419 1094 2367 1153; baseline 0.003 -14"><span class='ocrx_word' id='word_1_148' title='bbox 419 1101 589 1139; x_wconf 85' lang='lat' dir='ltr'>alienum</span> <span class='ocrx_word' id='word_1_149' title='bbox 629 1114 710 1141; x_wconf 90' lang='lat' dir='ltr'>esse</span> <span class='ocrx_word' id='word_1_150' title='bbox 743 1107 969 1141; x_wconf 82' lang='lat' dir='ltr'>statuamus.</span> <span class='ocrx_word' id='word_1_151' title='bbox 1021 1102 1122 1140; x_wconf 89' lang='lat' dir='ltr'>Nam</span> <span class='ocrx_word' id='word_1_152' title='bbox 1155 1102 1187 1140; x_wconf 91' lang='lat' dir='ltr'>si</span> <span class='ocrx_word' id='word_1_153' title='bbox 1219 1102 1383 1148; x_wconf 77' lang='grc' dir='ltr'>μέγεθος</span> <span class='ocrx_word' id='word_1_154' title='bbox 1410 1103 1680 1150; x_wconf 81' lang='grc' dir='ltr'>πραγματικόν.</span> <span class='ocrx_word' id='word_1_155' title='bbox 1735 1101 1947 1153; x_wconf 85' lang='lat' dir='ltr'>Gregorius</span> <span class='ocrx_word' id='word_1_156' title='bbox 1981 1101 2204 1143; x_wconf 84' lang='lat' dir='ltr'>Corinthius</span> <span class='ocrx_word' id='word_1_157' title='bbox 2229 1094 2367 1147; x_wconf 63' lang='lat' dir='ltr'>recte-{5</span> 
     </span>
     <span class='ocr_line' id='line_1_15' title="bbox 421 1157 2377 1210; baseline 0.003 -14"><span class='ocrx_word' id='word_1_158' title='bbox 421 1160 536 1197; x_wconf 84' lang='lat' dir='ltr'>docet</span> <span class='ocrx_word' id='word_1_159' title='bbox 586 1161 626 1197; x_wconf 89' lang='lat' dir='ltr'>in</span> <span class='ocrx_word' id='word_1_160' title='bbox 679 1173 724 1197; x_wconf 86' lang='lat' dir='ltr'>eo</span> <span class='ocrx_word' id='word_1_161' title='bbox 772 1163 893 1209; x_wconf 91' lang='lat' dir='ltr'>cerni,</span> <span class='ocrx_word' id='word_1_162' title='bbox 947 1161 1053 1209; x_wconf 89' lang='lat' dir='ltr'>quod</span> <span class='ocrx_word' id='word_1_163' title='bbox 1093 1174 1211 1197; x_wconf 90' lang='lat' dir='ltr'>unum</span> <span class='ocrx_word' id='word_1_164' title='bbox 1238 1161 1290 1195; x_wconf 67' lang='lat' dir='ltr'>⁴in</span> <span class='ocrx_word' id='word_1_165' title='bbox 1334 1161 1455 1195; x_wconf 85' lang='lat' dir='ltr'>multa</span> <span class='ocrx_word' id='word_1_166' title='bbox 1500 1166 1667 1208; x_wconf 82' lang='lat' dir='ltr'>secetur,</span> <span class='ocrx_word' id='word_1_167' title='bbox 1710 1164 1860 1205; x_wconf 69' lang='grc' dir='ltr'>πλῆθος</span> <span class='ocrx_word' id='word_1_168' title='bbox 1906 1167 2031 1198; x_wconf 88' lang='lat' dir='ltr'>autem</span> <span class='ocrx_word' id='word_1_169' title='bbox 2073 1157 2377 1210; x_wconf 38' lang='lat' dir='ltr'>warannonis&amp;</span> 
     </span>
     <span class='ocr_line' id='line_1_16' title="bbox 418 1212 2355 1273; baseline 0.002 -17"><span class='ocrx_word' id='word_1_170' title='bbox 418 1221 458 1256; x_wconf 92' lang='lat' dir='ltr'>in</span> <span class='ocrx_word' id='word_1_171' title='bbox 497 1233 560 1267; x_wconf 90' lang='lat' dir='ltr'>eo,</span> <span class='ocrx_word' id='word_1_172' title='bbox 601 1220 708 1269; x_wconf 91' lang='lat' dir='ltr'>quod</span> <span class='ocrx_word' id='word_1_173' title='bbox 746 1221 884 1268; x_wconf 87' lang='lat' dir='ltr'>multa,</span> <span class='ocrx_word' id='word_1_174' title='bbox 922 1225 965 1257; x_wconf 86' lang='lat' dir='ltr'>ut</span> <span class='ocrx_word' id='word_1_175' title='bbox 996 1221 1073 1257; x_wconf 89' lang='lat' dir='ltr'>sint</span> <span class='ocrx_word' id='word_1_176' title='bbox 1106 1220 1245 1266; x_wconf 88' lang='lat' dir='ltr'>multa,</span> <span class='ocrx_word' id='word_1_177' title='bbox 1285 1225 1569 1267; x_wconf 84' lang='lat' dir='ltr'>enumerentur,</span> <span class='ocrx_word' id='word_1_178' title='bbox 1610 1221 1696 1268; x_wconf 88' lang='lat' dir='ltr'>quis</span> <span class='ocrx_word' id='word_1_179' title='bbox 1729 1226 1786 1258; x_wconf 86' lang='lat' dir='ltr'>est</span> <span class='ocrx_word' id='word_1_180' title='bbox 1821 1222 1905 1269; x_wconf 90' lang='lat' dir='ltr'>qui,</span> <span class='ocrx_word' id='word_1_181' title='bbox 1944 1225 1987 1257; x_wconf 88' lang='lat' dir='ltr'>ut</span> <span class='ocrx_word' id='word_1_182' title='bbox 2013 1233 2137 1270; x_wconf 89' lang='lat' dir='ltr'>pauca</span> <span class='ocrx_word' id='word_1_183' title='bbox 2163 1212 2355 1273; x_wconf 31' lang='lat' dir='ltr'>exempl&amp;v</span> 
     </span>
     <span class='ocr_line' id='line_1_17' title="bbox 418 1277 2410 1332; baseline 0.001 -16"><span class='ocrx_word' id='word_1_184' title='bbox 418 1293 491 1328; x_wconf 90' lang='lat' dir='ltr'>pro</span> <span class='ocrx_word' id='word_1_185' title='bbox 535 1279 665 1317; x_wconf 86' lang='lat' dir='ltr'>multis</span> <span class='ocrx_word' id='word_1_186' title='bbox 708 1280 914 1328; x_wconf 78' lang='lat' dir='ltr'>proferam,</span> <span class='ocrx_word' id='word_1_187' title='bbox 961 1279 1000 1316; x_wconf 92' lang='lat' dir='ltr'>in</span> <span class='ocrx_word' id='word_1_188' title='bbox 1044 1279 1170 1317; x_wconf 86' lang='lat' dir='ltr'>verbis</span> <span class='ocrx_word' id='word_1_189' title='bbox 1215 1293 1311 1327; x_wconf 90' lang='lat' dir='ltr'>quae</span> <span class='ocrx_word' id='word_1_190' title='bbox 1349 1284 1456 1316; x_wconf 88' lang='lat' dir='ltr'>sunt:</span> <span class='ocrx_word' id='word_1_191' title='bbox 1500 1278 1726 1327; x_wconf 72' lang='grc' dir='ltr'>ἀπέβλεπον,</span> <span class='ocrx_word' id='word_1_192' title='bbox 1770 1279 1948 1325; x_wconf 78' lang='grc' dir='ltr'><em>ὲζήλουν,”</em></span> <span class='ocrx_word' id='word_1_193' title='bbox 1989 1282 2141 1326; x_wconf 77' lang='grc' dir='ltr'><em>ἐτίμων,</em></span> <span class='ocrx_word' id='word_1_194' title='bbox 2191 1277 2371 1332; x_wconf 36' lang='lat' dir='ltr'>&amp;nepaes</span> <span class='ocrx_word' id='word_1_195' title='bbox 2395 1277 2436 1326; x_wconf 65' lang='grc' dir='ltr'>Ῑᾷζῖ</span> 
     </span>
     <span class='ocr_line' id='line_1_18' title="bbox 420 1337 2351 1387; baseline 0.002 -13"><span class='ocrx_word' id='word_1_196' title='bbox 420 1338 582 1384; x_wconf 79' lang='grc' dir='ltr'>ἡγοῦντο</span> <span class='ocrx_word' id='word_1_197' title='bbox 619 1337 749 1386; x_wconf 84' lang='lat' dir='ltr'>(Dem.</span> <span class='ocrx_word' id='word_1_198' title='bbox 795 1352 850 1375; x_wconf 88' lang='lat' dir='ltr'>or.</span> <span class='ocrx_word' id='word_1_199' title='bbox 897 1338 1019 1384; x_wconf 86' lang='lat' dir='ltr'>XIX,</span> <span class='ocrx_word' id='word_1_200' title='bbox 1067 1338 1157 1386; x_wconf 82' lang='lat'>265)</span> <span class='ocrx_word' id='word_1_201' title='bbox 1197 1338 1361 1383; x_wconf 73' lang='grc' dir='ltr'>μέγεθος</span> <span class='ocrx_word' id='word_1_202' title='bbox 1400 1337 1496 1374; x_wconf 89' lang='lat' dir='ltr'>illud</span> <span class='ocrx_word' id='word_1_203' title='bbox 1536 1343 1573 1374; x_wconf 89' lang='lat' dir='ltr'>et</span> <span class='ocrx_word' id='word_1_204' title='bbox 1609 1338 1649 1374; x_wconf 90' lang='lat' dir='ltr'>in</span> <span class='ocrx_word' id='word_1_205' title='bbox 1688 1338 1763 1375; x_wconf 90' lang='lat' dir='ltr'>his:</span> <span class='ocrx_word' id='word_1_206' title='bbox 1810 1340 1947 1385; x_wconf 82' lang='grc' dir='ltr'><em>δῆμον,</em></span> <span class='ocrx_word' id='word_1_207' title='bbox 1987 1337 2138 1382; x_wconf 67' lang='grc' dir='ltr'>ἱππέας,</span> <span class='ocrx_word' id='word_1_208' title='bbox 2182 1340 2351 1387; x_wconf 77' lang='grc' dir='ltr'>βουλὴν,-</span> 
     </span>
     <span class='ocr_line' id='line_1_19' title="bbox 420 1397 2337 1449; baseline 0.001 -14"><span class='ocrx_word' id='word_1_209' title='bbox 420 1398 514 1445; x_wconf 77' lang='grc' dir='ltr'>ἱερόι,</span> <span class='ocrx_word' id='word_1_210' title='bbox 559 1397 647 1434; x_wconf 84' lang='grc' dir='ltr'>ὅσια</span> <span class='ocrx_word' id='word_1_211' title='bbox 688 1399 768 1436; x_wconf 84' lang='lat' dir='ltr'>scil.</span> <span class='ocrx_word' id='word_1_212' title='bbox 806 1399 956 1445; x_wconf 76' lang='grc' dir='ltr'>ἀναιρεῖ</span> <span class='ocrx_word' id='word_1_213' title='bbox 986 1398 1130 1447; x_wconf 82' lang='lat' dir='ltr'>(Dem.·</span> <span class='ocrx_word' id='word_1_214' title='bbox 1157 1410 1213 1434; x_wconf 89' lang='lat' dir='ltr'>or.</span> <span class='ocrx_word' id='word_1_215' title='bbox 1250 1397 1409 1445; x_wconf 82' lang='lat' dir='ltr'>XXIV,</span> <span class='ocrx_word' id='word_1_216' title='bbox 1452 1399 1540 1445; x_wconf 89' lang='lat'>101)</span> <span class='ocrx_word' id='word_1_217' title='bbox 1580 1399 1729 1442; x_wconf 74' lang='grc' dir='ltr'>πλῆθος</span> <span class='ocrx_word' id='word_1_218' title='bbox 1767 1398 1997 1447; x_wconf 73' lang='grc' dir='ltr'>πραγμάτων</span> <span class='ocrx_word' id='word_1_219' title='bbox 2034 1398 2158 1436; x_wconf 87' lang='lat' dir='ltr'>inesse</span> <span class='ocrx_word' id='word_1_220' title='bbox 2196 1399 2337 1449; x_wconf 74' lang='lat' dir='ltr'>neget?</span> 
     </span>
     <span class='ocr_line' id='line_1_20' title="bbox 418 1451 2351 1505; baseline 0.002 -12"><span class='ocrx_word' id='word_1_221' title='bbox 418 1455 538 1494; x_wconf 89' lang='lat' dir='ltr'>Unde</span> <span class='ocrx_word' id='word_1_222' title='bbox 572 1463 752 1505; x_wconf 87' lang='lat' dir='ltr'>apparet,</span> <span class='ocrx_word' id='word_1_223' title='bbox 784 1470 909 1504; x_wconf 90' lang='lat' dir='ltr'>neque</span> <span class='ocrx_word' id='word_1_224' title='bbox 938 1471 980 1495; x_wconf 86' lang='lat' dir='ltr'>ea</span> <span class='ocrx_word' id='word_1_225' title='bbox 1007 1470 1105 1504; x_wconf 89' lang='lat' dir='ltr'>quae</span> <span class='ocrx_word' id='word_1_226' title='bbox 1133 1457 1309 1493; x_wconf 88' lang='lat' dir='ltr'>dicuntur</span> <span class='ocrx_word' id='word_1_227' title='bbox 1334 1456 1500 1502; x_wconf 73' lang='grc' dir='ltr'>μέγεθος</span> <span class='ocrx_word' id='word_1_228' title='bbox 1526 1460 1591 1493; x_wconf 83' lang='grc' dir='ltr'>καὶ</span> <span class='ocrx_word' id='word_1_229' title='bbox 1617 1458 1765 1500; x_wconf 75' lang='grc' dir='ltr'>πλῆθος</span> <span class='ocrx_word' id='word_1_230' title='bbox 1790 1455 2051 1503; x_wconf 80' lang='grc' dir='ltr'>πραγματικόν</span> <span class='ocrx_word' id='word_1_231' title='bbox 2076 1470 2201 1505; x_wconf 90' lang='lat' dir='ltr'>neque</span> <span class='ocrx_word' id='word_1_232' title='bbox 2226 1451 2351 1503; x_wconf 69' lang='grc' dir='ltr'><em>ἦθος·</em></span> 
     </span>
     <span class='ocr_line' id='line_1_21' title="bbox 418 1511 2331 1565; baseline 0 -11"><span class='ocrx_word' id='word_1_233' title='bbox 418 1514 496 1554; x_wconf 85' lang='lat' dir='ltr'>tale</span> <span class='ocrx_word' id='word_1_234' title='bbox 522 1529 616 1563; x_wconf 86' lang='lat' dir='ltr'>esse,</span> <span class='ocrx_word' id='word_1_235' title='bbox 649 1521 691 1554; x_wconf 90' lang='lat' dir='ltr'>ut</span> <span class='ocrx_word' id='word_1_236' title='bbox 716 1516 782 1554; x_wconf 91' lang='lat' dir='ltr'>illa</span> <span class='ocrx_word' id='word_1_237' title='bbox 808 1515 1067 1565; x_wconf 84' lang='lat' dir='ltr'>polysyndeti,</span> <span class='ocrx_word' id='word_1_238' title='bbox 1095 1515 1168 1553; x_wconf 90' lang='lat' dir='ltr'>hoc</span> <span class='ocrx_word' id='word_1_239' title='bbox 1194 1514 1371 1565; x_wconf 85' lang='lat' dir='ltr'>asyndeti</span> <span class='ocrx_word' id='word_1_240' title='bbox 1397 1515 1456 1552; x_wconf 84' lang='lat' dir='ltr'>sit.</span> <span class='ocrx_word' id='word_1_241' title='bbox 1498 1511 1665 1552; x_wconf 89' lang='lat' dir='ltr'>Omnino</span> <span class='ocrx_word' id='word_1_242' title='bbox 1693 1514 1865 1552; x_wconf 90' lang='lat' dir='ltr'>nonnulli</span> <span class='ocrx_word' id='word_1_243' title='bbox 1891 1514 2064 1553; x_wconf 88' lang='lat' dir='ltr'>rhetores</span> <span class='ocrx_word' id='word_1_244' title='bbox 2089 1528 2177 1553; x_wconf 90' lang='lat' dir='ltr'>cum</span> <span class='ocrx_word' id='word_1_245' title='bbox 2199 1520 2331 1554; x_wconf 86' lang='lat' dir='ltr'>osten-</span> 
     </span>
     <span class='ocr_line' id='line_1_22' title="bbox 0 1560 2332 1624; baseline 0 -13"><span class='ocrx_word' id='word_1_246' title='bbox 0 1560 51 1607; x_wconf 53' lang='lat'>{²</span> <span class='ocrx_word' id='word_1_247' title='bbox 85 1567 88 1570; x_wconf 67' lang='lat'>,</span> <span class='ocrx_word' id='word_1_248' title='bbox 420 1574 514 1612; x_wconf 87' lang='lat' dir='ltr'>dere</span> <span class='ocrx_word' id='word_1_249' title='bbox 546 1574 766 1623; x_wconf 84' lang='lat' dir='ltr'>studerent,</span> <span class='ocrx_word' id='word_1_250' title='bbox 799 1576 839 1611; x_wconf 89' lang='lat' dir='ltr'>in</span> <span class='ocrx_word' id='word_1_251' title='bbox 866 1574 1051 1624; x_wconf 82' lang='lat' dir='ltr'>asyndeto</span> <span class='ocrx_word' id='word_1_252' title='bbox 1079 1587 1238 1624; x_wconf 87' lang='lat' dir='ltr'>prorsus</span> <span class='ocrx_word' id='word_1_253' title='bbox 1265 1574 1377 1610; x_wconf 88' lang='lat' dir='ltr'>aliam</span> <span class='ocrx_word' id='word_1_254' title='bbox 1404 1574 1480 1609; x_wconf 90' lang='lat' dir='ltr'>vim</span> <span class='ocrx_word' id='word_1_255' title='bbox 1504 1574 1626 1610; x_wconf 89' lang='lat' dir='ltr'>inesse</span> <span class='ocrx_word' id='word_1_256' title='bbox 1652 1578 1766 1622; x_wconf 89' lang='lat' dir='ltr'>atque</span> <span class='ocrx_word' id='word_1_257' title='bbox 1792 1574 1833 1609; x_wconf 90' lang='lat' dir='ltr'>in</span> <span class='ocrx_word' id='word_1_258' title='bbox 1859 1573 2138 1623; x_wconf 84' lang='lat' dir='ltr'>polysyndeto,</span> <span class='ocrx_word' id='word_1_259' title='bbox 2172 1575 2332 1612; x_wconf 88' lang='lat' dir='ltr'>nimium</span> 
     </span>
     <span class='ocr_line' id='line_1_23' title="bbox 16 1632 2330 1680; baseline 0.001 -12"><span class='ocrx_word' id='word_1_260' title='bbox 16 1632 69 1678; x_wconf 60' lang='lat'>3}</span> <span class='ocrx_word' id='word_1_261' title='bbox 420 1634 613 1671; x_wconf 88' lang='lat' dir='ltr'>studuisse</span> <span class='ocrx_word' id='word_1_262' title='bbox 640 1634 733 1669; x_wconf 88' lang='lat' dir='ltr'>mihi</span> <span class='ocrx_word' id='word_1_263' title='bbox 757 1634 951 1670; x_wconf 86' lang='lat' dir='ltr'>videntur.</span> <span class='ocrx_word' id='word_1_264' title='bbox 990 1634 1077 1669; x_wconf 89' lang='lat' dir='ltr'>Hoc</span> <span class='ocrx_word' id='word_1_265' title='bbox 1104 1634 1164 1669; x_wconf 90' lang='lat' dir='ltr'>vel</span> <span class='ocrx_word' id='word_1_266' title='bbox 1192 1633 1279 1669; x_wconf 85' lang='lat' dir='ltr'>inde</span> <span class='ocrx_word' id='word_1_267' title='bbox 1306 1632 1406 1669; x_wconf 90' lang='lat' dir='ltr'>sumi</span> <span class='ocrx_word' id='word_1_268' title='bbox 1433 1637 1558 1679; x_wconf 91' lang='lat' dir='ltr'>potest</span> <span class='ocrx_word' id='word_1_269' title='bbox 1585 1632 1690 1679; x_wconf 90' lang='lat' dir='ltr'>quod</span> <span class='ocrx_word' id='word_1_270' title='bbox 1717 1633 1755 1667; x_wconf 91' lang='lat' dir='ltr'>in</span> <span class='ocrx_word' id='word_1_271' title='bbox 1782 1633 1991 1669; x_wconf 86' lang='lat' dir='ltr'>contrarias</span> <span class='ocrx_word' id='word_1_272' title='bbox 2017 1633 2098 1669; x_wconf 89' lang='lat' dir='ltr'>fere</span> <span class='ocrx_word' id='word_1_273' title='bbox 2123 1639 2253 1680; x_wconf 87' lang='lat' dir='ltr'>partes</span> <span class='ocrx_word' id='word_1_274' title='bbox 2279 1634 2330 1671; x_wconf 77' lang='lat' dir='ltr'>de</span> 
     </span>
     <span class='ocr_line' id='line_1_24' title="bbox 38 1690 2328 1742; baseline 0 -12"><span class='ocrx_word' id='word_1_275' title='bbox 38 1695 55 1702; x_wconf 61' lang='grc'>’“</span> <span class='ocrx_word' id='word_1_276' title='bbox 420 1692 504 1741; x_wconf 51' lang='lat' dir='ltr'>hac·</span> <span class='ocrx_word' id='word_1_277' title='bbox 519 1707 560 1731; x_wconf 90' lang='lat' dir='ltr'>re</span> <span class='ocrx_word' id='word_1_278' title='bbox 583 1693 772 1742; x_wconf 89' lang='lat' dir='ltr'>judicant.</span> <span class='ocrx_word' id='word_1_279' title='bbox 825 1694 1054 1731; x_wconf 86' lang='lat' dir='ltr'>Aristoteles</span> <span class='ocrx_word' id='word_1_280' title='bbox 1080 1692 1231 1740; x_wconf 90' lang='lat' dir='ltr'>quidem</span> <span class='ocrx_word' id='word_1_281' title='bbox 1257 1691 1434 1740; x_wconf 87' lang='lat' dir='ltr'>asyndeti</span> <span class='ocrx_word' id='word_1_282' title='bbox 1460 1690 1532 1729; x_wconf 90' lang='lat' dir='ltr'>hoc</span> <span class='ocrx_word' id='word_1_283' title='bbox 1558 1691 1759 1739; x_wconf 91' lang='lat' dir='ltr'>proprium</span> <span class='ocrx_word' id='word_1_284' title='bbox 1785 1704 1867 1730; x_wconf 88' lang='lat' dir='ltr'>esse</span> <span class='ocrx_word' id='word_1_285' title='bbox 1895 1690 2019 1738; x_wconf 81' lang='lat' dir='ltr'>docet,</span> <span class='ocrx_word' id='word_1_286' title='bbox 2047 1691 2152 1739; x_wconf 89' lang='lat' dir='ltr'>quod</span> <span class='ocrx_word' id='word_1_287' title='bbox 2177 1692 2328 1741; x_wconf 72' lang='lat' dir='ltr'>aequali</span> 
     </span>
     <span class='ocr_line' id='line_1_25' title="bbox 420 1749 2330 1803; baseline -0.001 -12"><span class='ocrx_word' id='word_1_288' title='bbox 420 1757 595 1803; x_wconf 87' lang='lat' dir='ltr'>tempore</span> <span class='ocrx_word' id='word_1_289' title='bbox 621 1752 745 1790; x_wconf 86' lang='lat' dir='ltr'>multa</span> <span class='ocrx_word' id='word_1_290' title='bbox 773 1751 879 1790; x_wconf 86' lang='lat' dir='ltr'>dicta</span> <span class='ocrx_word' id='word_1_291' title='bbox 906 1765 987 1791; x_wconf 88' lang='lat' dir='ltr'>esse</span> <span class='ocrx_word' id='word_1_292' title='bbox 1014 1751 1232 1797; x_wconf 84' lang='lat' dir='ltr'>videantur3</span> <span class='ocrx_word' id='word_1_293' title='bbox 1268 1749 1573 1800; x_wconf 87' lang='lat' dir='ltr'>conjunctionem</span> <span class='ocrx_word' id='word_1_294' title='bbox 1601 1750 1701 1787; x_wconf 90' lang='lat' dir='ltr'>enim</span> <span class='ocrx_word' id='word_1_295' title='bbox 1727 1762 1774 1787; x_wconf 84' lang='lat' dir='ltr'>ex</span> <span class='ocrx_word' id='word_1_296' title='bbox 1800 1749 1928 1788; x_wconf 88' lang='lat' dir='ltr'>multis</span> <span class='ocrx_word' id='word_1_297' title='bbox 1955 1763 2075 1787; x_wconf 89' lang='lat' dir='ltr'>unum</span> <span class='ocrx_word' id='word_1_298' title='bbox 2101 1750 2243 1799; x_wconf 84' lang='lat' dir='ltr'>facere,</span> <span class='ocrx_word' id='word_1_299' title='bbox 2272 1752 2330 1789; x_wconf 85' lang='lat' dir='ltr'>ita</span> 
     </span>
     <span class='ocr_line' id='line_1_26' title="bbox 420 1808 2333 1860; baseline -0.001 -10"><span class='ocrx_word' id='word_1_300' title='bbox 420 1818 466 1850; x_wconf 86' lang='lat' dir='ltr'>ut</span> <span class='ocrx_word' id='word_1_301' title='bbox 491 1813 644 1851; x_wconf 88' lang='lat' dir='ltr'>sublata</span> <span class='ocrx_word' id='word_1_302' title='bbox 668 1812 734 1849; x_wconf 91' lang='lat' dir='ltr'>illa</span> <span class='ocrx_word' id='word_1_303' title='bbox 761 1819 893 1850; x_wconf 85' lang='lat' dir='ltr'>contra</span> <span class='ocrx_word' id='word_1_304' title='bbox 920 1826 966 1850; x_wconf 87' lang='lat' dir='ltr'>ex</span> <span class='ocrx_word' id='word_1_305' title='bbox 993 1826 1068 1849; x_wconf 92' lang='lat' dir='ltr'>uno</span> <span class='ocrx_word' id='word_1_306' title='bbox 1096 1812 1215 1849; x_wconf 85' lang='lat' dir='ltr'>multa</span> <span class='ocrx_word' id='word_1_307' title='bbox 1239 1812 1332 1848; x_wconf 88' lang='lat' dir='ltr'>fiant</span> <span class='ocrx_word' id='word_1_308' title='bbox 1358 1810 1422 1860; x_wconf 91' lang='lat' dir='ltr'>(cf.</span> <span class='ocrx_word' id='word_1_309' title='bbox 1450 1809 1559 1847; x_wconf 89' lang='lat' dir='ltr'>Rhet.</span> <span class='ocrx_word' id='word_1_310' title='bbox 1585 1808 1663 1857; x_wconf 91' lang='lat' dir='ltr'>III,</span> <span class='ocrx_word' id='word_1_311' title='bbox 1692 1810 1738 1846; x_wconf 81' lang='lat'>12</span> <span class='ocrx_word' id='word_1_312' title='bbox 1771 1812 1824 1846; x_wconf 81' lang='grc' dir='ltr'>ἔτι</span> <span class='ocrx_word' id='word_1_313' title='bbox 1851 1813 1925 1855; x_wconf 81' lang='grc' dir='ltr'>ἔχει</span> <span class='ocrx_word' id='word_1_314' title='bbox 1953 1810 2049 1847; x_wconf 81' lang='grc' dir='ltr'><em>ἴδιόν</em></span> <span class='ocrx_word' id='word_1_315' title='bbox 2076 1826 2111 1847; x_wconf 80' lang='grc' dir='ltr'>τι</span> <span class='ocrx_word' id='word_1_316' title='bbox 2136 1810 2186 1847; x_wconf 76' lang='grc' dir='ltr'>τα</span> <span class='ocrx_word' id='word_1_317' title='bbox 2214 1811 2333 1849; x_wconf 72' lang='grc' dir='ltr'><em>ἀσύν-</em></span> 
     </span>
     <span class='ocr_line' id='line_1_27' title="bbox 425 1868 2378 1921; baseline 0 -13"><span class='ocrx_word' id='word_1_318' title='bbox 425 1874 527 1909; x_wconf 77' lang='grc' dir='ltr'>δετα·</span> <span class='ocrx_word' id='word_1_319' title='bbox 554 1878 593 1910; x_wconf 77' lang='grc' dir='ltr'><em>ὲν</em></span> <span class='ocrx_word' id='word_1_320' title='bbox 620 1877 690 1919; x_wconf 81' lang='grc' dir='ltr'>ἴσῳ</span> <span class='ocrx_word' id='word_1_321' title='bbox 716 1872 790 1919; x_wconf 77' lang='grc' dir='ltr'>γὰρ</span> <span class='ocrx_word' id='word_1_322' title='bbox 814 1871 941 1920; x_wconf 82' lang='grc' dir='ltr'><em>χρόνῳ</em></span> <span class='ocrx_word' id='word_1_323' title='bbox 968 1872 1089 1909; x_wconf 75' lang='grc' dir='ltr'>πολλα</span> <span class='ocrx_word' id='word_1_324' title='bbox 1116 1874 1221 1909; x_wconf 79' lang='grc' dir='ltr'><em>δοκεῖ</em></span> <span class='ocrx_word' id='word_1_325' title='bbox 1243 1872 1433 1921; x_wconf 75' lang='grc' dir='ltr'>εἰρῆσθαι.</span> <span class='ocrx_word' id='word_1_326' title='bbox 1461 1869 1481 1906; x_wconf 88' lang='grc' dir='ltr'>ὁ</span> <span class='ocrx_word' id='word_1_327' title='bbox 1507 1870 1580 1918; x_wconf 72' lang='grc' dir='ltr'>γὰρ</span> <span class='ocrx_word' id='word_1_328' title='bbox 1607 1868 1810 1915; x_wconf 76' lang='grc' dir='ltr'><em>σύνδεσμος</em></span> <span class='ocrx_word' id='word_1_329' title='bbox 1836 1870 1875 1906; x_wconf 77' lang='grc' dir='ltr'><em>ἓν</em></span> <span class='ocrx_word' id='word_1_330' title='bbox 1901 1875 2002 1906; x_wconf 85' lang='grc' dir='ltr'>ποιεῖ</span> <span class='ocrx_word' id='word_1_331' title='bbox 2017 1870 2065 1907; x_wconf 73' lang='grc' dir='ltr'>τὰ</span> <span class='ocrx_word' id='word_1_332' title='bbox 2084 1869 2219 1913; x_wconf 75' lang='grc' dir='ltr'>πολλά,</span> <span class='ocrx_word' id='word_1_333' title='bbox 2245 1869 2331 1908; x_wconf 71' lang='grc' dir='ltr'>ὥστ’</span> <span class='ocrx_word' id='word_1_334' title='bbox 2368 1908 2378 1918; x_wconf 35' lang='grc' dir='ltr'>Ι,</span> 
     </span>
     <span class='ocr_line' id='line_1_28' title="bbox 419 1925 2358 1981; baseline -0.001 -14"><span class='ocrx_word' id='word_1_335' title='bbox 419 1929 487 1967; x_wconf 72' lang='grc' dir='ltr'><em>ἐάν</em></span> <span class='ocrx_word' id='word_1_336' title='bbox 513 1931 712 1981; x_wconf 75' lang='grc' dir='ltr'>ὲξαιρεθῆ,</span> <span class='ocrx_word' id='word_1_337' title='bbox 746 1932 858 1976; x_wconf 77' lang='grc' dir='ltr'><em>δῆλον</em></span> <span class='ocrx_word' id='word_1_338' title='bbox 885 1929 943 1967; x_wconf 86' lang='grc' dir='ltr'>ὅτι</span> <span class='ocrx_word' id='word_1_339' title='bbox 970 1930 1191 1967; x_wconf 76' lang='grc' dir='ltr'><em>τούναντίον</em></span> <span class='ocrx_word' id='word_1_340' title='bbox 1218 1933 1322 1967; x_wconf 72' lang='grc' dir='ltr'>ἔσται</span> <span class='ocrx_word' id='word_1_341' title='bbox 1349 1929 1392 1965; x_wconf 83' lang='grc' dir='ltr'>τὸ</span> <span class='ocrx_word' id='word_1_342' title='bbox 1420 1930 1458 1965; x_wconf 73' lang='grc' dir='ltr'><em>ἓν</em></span> <span class='ocrx_word' id='word_1_343' title='bbox 1485 1927 1635 1972; x_wconf 77' lang='grc' dir='ltr'>πολλά).</span> <span class='ocrx_word' id='word_1_344' title='bbox 1690 1926 1749 1964; x_wconf 87' lang='lat' dir='ltr'>Cf.</span> <span class='ocrx_word' id='word_1_345' title='bbox 1776 1929 1889 1965; x_wconf 83' lang='lat' dir='ltr'>etiam</span> <span class='ocrx_word' id='word_1_346' title='bbox 1916 1925 2138 1967; x_wconf 85' lang='lat' dir='ltr'>Ciceronem</span> <span class='ocrx_word' id='word_1_347' title='bbox 2162 1928 2203 1965; x_wconf 89' lang='lat' dir='ltr'>in</span> <span class='ocrx_word' id='word_1_348' title='bbox 2229 1926 2333 1966; x_wconf 74' lang='lat' dir='ltr'>Ora·</span> <span class='ocrx_word' id='word_1_349' title='bbox 2356 1935 2358 1937; x_wconf 80' lang='grc'>’</span> 
     </span>
     <span class='ocr_line' id='line_1_29' title="bbox 420 1987 2328 2038; baseline 0.001 -13"><span class='ocrx_word' id='word_1_350' title='bbox 420 1994 501 2025; x_wconf 93' lang='lat' dir='ltr'>tore</span> <span class='ocrx_word' id='word_1_351' title='bbox 535 2001 618 2038; x_wconf 91' lang='lat' dir='ltr'>cap.</span> <span class='ocrx_word' id='word_1_352' title='bbox 646 1990 710 2026; x_wconf 84' lang='lat'>39:</span> <span class='ocrx_word' id='word_1_353' title='bbox 738 2003 851 2037; x_wconf 88' lang='lat' dir='ltr'>„cum</span> <span class='ocrx_word' id='word_1_354' title='bbox 879 1990 1042 2038; x_wconf 89' lang='lat' dir='ltr'>demptis</span> <span class='ocrx_word' id='word_1_355' title='bbox 1070 1989 1400 2038; x_wconf 89' lang='lat' dir='ltr'>conjunctionibus</span> <span class='ocrx_word' id='word_1_356' title='bbox 1428 1987 1611 2025; x_wconf 88' lang='lat' dir='ltr'>dissolute</span> <span class='ocrx_word' id='word_1_357' title='bbox 1638 1987 1750 2036; x_wconf 84' lang='lat' dir='ltr'>plura</span> <span class='ocrx_word' id='word_1_358' title='bbox 1776 1987 1994 2024; x_wconf 83' lang='lat' dir='ltr'>dicuntur“.</span> <span class='ocrx_word' id='word_1_359' title='bbox 2047 1987 2127 2026; x_wconf 84' lang='lat' dir='ltr'>Sed</span> <span class='ocrx_word' id='word_1_360' title='bbox 2152 1989 2328 2035; x_wconf 81' lang='lat' dir='ltr'>quamvis</span> 
     </span>
    </p>
   </div>
   <div class='ocr_carea' id='block_1_3' title="bbox 0 368 2530 649">
    <p class='ocr_par' dir='ltr' id='par_1_3' title="bbox 0 368 2530 649">
     <span class='ocr_line' id='line_1_30' title="bbox 0 368 2530 649; baseline 0 -115"><span class='ocrx_word' id='word_1_361' title='bbox 0 473 352 649; x_wconf 95' lang='lat' dir='ltr'>   </span> <span class='ocrx_word' id='word_1_362' title='bbox 2198 368 2530 473; x_wconf 95' lang='lat' dir='ltr'> </span> 
     </span>
    </p>
   </div>
   <div class='ocr_carea' id='block_1_4' title="bbox 0 473 2530 947">
    <p class='ocr_par' dir='ltr' id='par_1_4' title="bbox 0 473 2530 947">
     <span class='ocr_line' id='line_1_31' title="bbox 2140 473 2530 589; baseline 0 -104"><span class='ocrx_word' id='word_1_363' title='bbox 2140 473 2530 589; x_wconf 95' lang='lat' dir='ltr'>    </span> 
     </span>
     <span class='ocr_line' id='line_1_32' title="bbox 0 589 2530 760; baseline 0 -48"><span class='ocrx_word' id='word_1_364' title='bbox 0 649 177 760; x_wconf 95' lang='lat' dir='ltr'>  </span> <span class='ocrx_word' id='word_1_365' title='bbox 2250 589 2530 712; x_wconf 95' lang='lat' dir='ltr'>  </span> 
     </span>
     <span class='ocr_line' id='line_1_33' title="bbox 0 760 171 825; baseline 0 2300"><span class='ocrx_word' id='word_1_366' title='bbox 0 760 171 825; x_wconf 95' lang='lat' dir='ltr'> </span> 
     </span>
     <span class='ocr_line' id='line_1_34' title="bbox 0 825 173 947; baseline 0 -3"><span class='ocrx_word' id='word_1_367' title='bbox 0 825 173 947; x_wconf 95' lang='lat' dir='ltr'>   </span> 
     </span>
    </p>
   </div>
   <div class='ocr_carea' id='block_1_5' title="bbox 0 712 2530 2589">
    <p class='ocr_par' dir='ltr' id='par_1_5' title="bbox 0 712 2530 2589">
     <span class='ocr_line' id='line_1_35' title="bbox 2170 712 2530 839; baseline 0 -119"><span class='ocrx_word' id='word_1_368' title='bbox 2170 712 2530 839; x_wconf 95' lang='lat' dir='ltr'>     </span> 
     </span>
     <span class='ocr_line' id='line_1_36' title="bbox 2336 839 2530 900; baseline 0 0"><span class='ocrx_word' id='word_1_369' title='bbox 2336 839 2530 900; x_wconf 95' lang='lat' dir='ltr'>  </span> 
     </span>
     <span class='ocr_line' id='line_1_37' title="bbox 0 900 2530 1001; baseline 0 0"><span class='ocrx_word' id='word_1_370' title='bbox 0 947 172 1001; x_wconf 95' lang='lat' dir='ltr'> </span> <span class='ocrx_word' id='word_1_371' title='bbox 2338 900 2530 1001; x_wconf 95' lang='lat' dir='ltr'>   </span> 
     </span>
     <span class='ocr_line' id='line_1_38' title="bbox 0 1001 2530 1161; baseline 0 -103"><span class='ocrx_word' id='word_1_372' title='bbox 0 1001 172 1161; x_wconf 95' lang='lat' dir='ltr'>   </span> <span class='ocrx_word' id='word_1_373' title='bbox 2374 1001 2530 1161; x_wconf 95' lang='lat' dir='ltr'>   </span> 
     </span>
     <span class='ocr_line' id='line_1_39' title="bbox 0 1174 2530 1235; baseline 0 0"><span class='ocrx_word' id='word_1_374' title='bbox 0 1174 45 1235; x_wconf 95' lang='lat' dir='ltr'>  </span> <span class='ocrx_word' id='word_1_375' title='bbox 2373 1174 2530 1235; x_wconf 95' lang='lat' dir='ltr'>  </span> 
     </span>
     <span class='ocr_line' id='line_1_40' title="bbox 0 1235 2530 1410; baseline 0.001 -58"><span class='ocrx_word' id='word_1_376' title='bbox 0 1235 42 1410; x_wconf 95' lang='lat' dir='ltr'>    </span> <span class='ocrx_word' id='word_1_377' title='bbox 2373 1235 2530 1410; x_wconf 95' lang='lat' dir='ltr'>    </span> 
     </span>
     <span class='ocr_line' id='line_1_41' title="bbox 0 1410 2530 1530; baseline 0 -55"><span class='ocrx_word' id='word_1_378' title='bbox 0 1410 42 1475; x_wconf 95' lang='lat' dir='ltr'> </span> <span class='ocrx_word' id='word_1_379' title='bbox 2374 1410 2530 1530; x_wconf 95' lang='lat' dir='ltr'>  </span> 
     </span>
     <span class='ocr_line' id='line_1_42' title="bbox 2374 1530 2530 1592; baseline 0 1533"><span class='ocrx_word' id='word_1_380' title='bbox 2374 1530 2530 1592; x_wconf 95' lang='lat' dir='ltr'> </span> 
     </span>
     <span class='ocr_line' id='line_1_43' title="bbox 2375 1592 2530 1649; baseline 0 1476"><span class='ocrx_word' id='word_1_381' title='bbox 2375 1592 2530 1649; x_wconf 95' lang='lat' dir='ltr'> </span> 
     </span>
     <span class='ocr_line' id='line_1_44' title="bbox 2375 1649 2530 1704; baseline 0 1421"><span class='ocrx_word' id='word_1_382' title='bbox 2375 1649 2530 1704; x_wconf 95' lang='lat' dir='ltr'> </span> 
     </span>
     <span class='ocr_line' id='line_1_45' title="bbox 2375 1704 2530 1766; baseline 0 1359"><span class='ocrx_word' id='word_1_383' title='bbox 2375 1704 2530 1766; x_wconf 95' lang='lat' dir='ltr'> </span> 
     </span>
     <span class='ocr_line' id='line_1_46' title="bbox 2375 1766 2530 1829; baseline 0 1296"><span class='ocrx_word' id='word_1_384' title='bbox 2375 1766 2530 1829; x_wconf 95' lang='lat' dir='ltr'> </span> 
     </span>
     <span class='ocr_line' id='line_1_47' title="bbox 2374 1829 2530 2075; baseline 0 -16"><span class='ocrx_word' id='word_1_385' title='bbox 2374 1829 2530 2075; x_wconf 95' lang='lat' dir='ltr'>     </span> 
     </span>
     <span class='ocr_line' id='line_1_48' title="bbox 2374 2075 2530 2266; baseline 0 -46"><span class='ocrx_word' id='word_1_386' title='bbox 2374 2075 2530 2266; x_wconf 95' lang='lat' dir='ltr'>   </span> 
     </span>
     <span class='ocr_line' id='line_1_49' title="bbox 2374 2266 2530 2435; baseline 0 -112"><span class='ocrx_word' id='word_1_387' title='bbox 2374 2266 2530 2435; x_wconf 95' lang='lat' dir='ltr'>    </span> 
     </span>
     <span class='ocr_line' id='line_1_50' title="bbox 2321 2435 2530 2589; baseline 0 -61"><span class='ocrx_word' id='word_1_388' title='bbox 2321 2435 2530 2589; x_wconf 95' lang='lat' dir='ltr'>  </span> 
     </span>
    </p>
   </div>
   <div class='ocr_carea' id='block_1_6' title="bbox 418 2094 2434 2252">
    <p class='ocr_par' dir='ltr' id='par_1_6' title="bbox 418 2094 2434 2252">
     <span class='ocr_line' id='line_1_51' title="bbox 521 2094 2422 2138; baseline 0.001 -11"><span class='ocrx_word' id='word_1_389' title='bbox 521 2097 550 2135; x_wconf 86' lang='lat'>*)</span> <span class='ocrx_word' id='word_1_390' title='bbox 573 2097 655 2127; x_wconf 80' lang='lat' dir='ltr'>Eam</span> <span class='ocrx_word' id='word_1_391' title='bbox 676 2097 823 2136; x_wconf 85' lang='lat' dir='ltr'>figuram,</span> <span class='ocrx_word' id='word_1_392' title='bbox 846 2106 943 2136; x_wconf 86' lang='lat' dir='ltr'>quam</span> <span class='ocrx_word' id='word_1_393' title='bbox 965 2106 1023 2127; x_wconf 89' lang='lat' dir='ltr'>nos</span> <span class='ocrx_word' id='word_1_394' title='bbox 1046 2097 1284 2136; x_wconf 82' lang='lat' dir='ltr'>polysyndeton</span> <span class='ocrx_word' id='word_1_395' title='bbox 1307 2096 1454 2133; x_wconf 83' lang='lat' dir='ltr'>dicimus,</span> <span class='ocrx_word' id='word_1_396' title='bbox 1477 2105 1494 2125; x_wconf 88' lang='lat' dir='ltr'>a</span> <span class='ocrx_word' id='word_1_397' title='bbox 1517 2094 1676 2133; x_wconf 81' lang='lat' dir='ltr'>scriptore</span> <span class='ocrx_word' id='word_1_398' title='bbox 1695 2094 1850 2133; x_wconf 86' lang='lat' dir='ltr'>intellegi,</span> <span class='ocrx_word' id='word_1_399' title='bbox 1874 2104 1913 2125; x_wconf 83' lang='lat' dir='ltr'>ex</span> <span class='ocrx_word' id='word_1_400' title='bbox 1928 2096 2086 2134; x_wconf 83' lang='lat' dir='ltr'>exemplo,</span> <span class='ocrx_word' id='word_1_401' title='bbox 2109 2095 2196 2133; x_wconf 92' lang='lat' dir='ltr'>quod</span> <span class='ocrx_word' id='word_1_402' title='bbox 2210 2095 2334 2134; x_wconf 77' lang='lat' dir='ltr'>attulit,</span> <span class='ocrx_word' id='word_1_403' title='bbox 2404 2125 2422 2138; x_wconf 63' lang='lat'>‚.</span> 
     </span>
     <span class='ocr_line' id='line_1_52' title="bbox 420 2143 2434 2195; baseline 0 -15"><span class='ocrx_word' id='word_1_404' title='bbox 420 2149 499 2180; x_wconf 84' lang='lat' dir='ltr'>satis</span> <span class='ocrx_word' id='word_1_405' title='bbox 535 2153 687 2190; x_wconf 83' lang='lat' dir='ltr'>apparet:</span> <span class='ocrx_word' id='word_1_406' title='bbox 715 2146 903 2183; x_wconf 74' lang='grc' dir='ltr'><em>Ὄλυνθον</em></span> <span class='ocrx_word' id='word_1_407' title='bbox 939 2148 1004 2192; x_wconf 82' lang='grc' dir='ltr'><em>μὲν</em></span> <span class='ocrx_word' id='word_1_408' title='bbox 1044 2146 1088 2190; x_wconf 72' lang='grc' dir='ltr'>δὴ</span> <span class='ocrx_word' id='word_1_409' title='bbox 1127 2149 1192 2183; x_wconf 82' lang='grc' dir='ltr'>καὶ</span> <span class='ocrx_word' id='word_1_410' title='bbox 1232 2144 1427 2189; x_wconf 70' lang='grc' dir='ltr'><em>Μεθώνην</em></span> <span class='ocrx_word' id='word_1_411' title='bbox 1457 2148 1523 2181; x_wconf 84' lang='grc' dir='ltr'>καὶ</span> <span class='ocrx_word' id='word_1_412' title='bbox 1555 2143 1809 2182; x_wconf 82' lang='grc' dir='ltr'><em>Ἀπολλωνίαν</em></span> <span class='ocrx_word' id='word_1_413' title='bbox 1841 2146 1905 2180; x_wconf 80' lang='grc' dir='ltr'>καὶ</span> <span class='ocrx_word' id='word_1_414' title='bbox 1940 2144 2009 2180; x_wconf 78' lang='grc' dir='ltr'>δύο</span> <span class='ocrx_word' id='word_1_415' title='bbox 2037 2147 2102 2180; x_wconf 81' lang='grc' dir='ltr'>καὶ</span> <span class='ocrx_word' id='word_1_416' title='bbox 2128 2144 2337 2195; x_wconf 69' lang='grc' dir='ltr'>τριάκωτοε</span> <span class='ocrx_word' id='word_1_417' title='bbox 2431 2192 2434 2194; x_wconf 35' lang='grc'>-</span> 
     </span>
     <span class='ocr_line' id='line_1_53' title="bbox 418 2199 2434 2252; baseline -0.002 -11"><span class='ocrx_word' id='word_1_418' title='bbox 418 2203 544 2248; x_wconf 70' lang='grc' dir='ltr'>πόλεις</span> <span class='ocrx_word' id='word_1_419' title='bbox 569 2207 627 2242; x_wconf 81' lang='grc' dir='ltr'>ἐπὶ</span> <span class='ocrx_word' id='word_1_420' title='bbox 658 2205 807 2252; x_wconf 76' lang='grc' dir='ltr'>Θρᾴκης</span> <span class='ocrx_word' id='word_1_421' title='bbox 833 2206 880 2240; x_wconf 81' lang='grc' dir='ltr'><em>ὲώ</em></span> <span class='ocrx_word' id='word_1_422' title='bbox 908 2209 1011 2248; x_wconf 89' lang='lat' dir='ltr'>(Dem.</span> <span class='ocrx_word' id='word_1_423' title='bbox 1038 2220 1083 2240; x_wconf 87' lang='lat' dir='ltr'>or.</span> <span class='ocrx_word' id='word_1_424' title='bbox 1112 2210 1182 2248; x_wconf 88' lang='lat' dir='ltr'>IX.,</span> <span class='ocrx_word' id='word_1_425' title='bbox 1211 2211 1271 2248; x_wconf 82' lang='grc'>26).</span> <span class='ocrx_word' id='word_1_426' title='bbox 1315 2210 1458 2246; x_wconf 80' lang='lat' dir='ltr'>Constat,</span> <span class='ocrx_word' id='word_1_427' title='bbox 1488 2217 1506 2237; x_wconf 87' lang='lat' dir='ltr'>a</span> <span class='ocrx_word' id='word_1_428' title='bbox 1528 2206 1657 2238; x_wconf 85' lang='lat' dir='ltr'>Graecis</span> <span class='ocrx_word' id='word_1_429' title='bbox 1678 2206 1768 2236; x_wconf 87' lang='lat' dir='ltr'>illam</span> <span class='ocrx_word' id='word_1_430' title='bbox 1788 2207 1925 2246; x_wconf 83' lang='lat' dir='ltr'>figuram</span> <span class='ocrx_word' id='word_1_431' title='bbox 1946 2217 2011 2237; x_wconf 87' lang='lat' dir='ltr'>non</span> <span class='ocrx_word' id='word_1_432' title='bbox 2033 2207 2095 2237; x_wconf 83' lang='lat' dir='ltr'>nisi</span> <span class='ocrx_word' id='word_1_433' title='bbox 2115 2207 2178 2238; x_wconf 84' lang='lat' dir='ltr'>hoc</span> <span class='ocrx_word' id='word_1_434' title='bbox 2198 2207 2270 2238; x_wconf 83' lang='lat' dir='ltr'>loco</span> <span class='ocrx_word' id='word_1_435' title='bbox 2290 2206 2332 2237; x_wconf 75' lang='lat' dir='ltr'>ab</span> <span class='ocrx_word' id='word_1_436' title='bbox 2430 2199 2434 2211; x_wconf 71' lang='lat'>³</span> 
     </span>
    </p>
   </div>
   <div class='ocr_carea' id='block_1_7' title="bbox 418 2260 2334 2450">
    <p class='ocr_par' dir='ltr' id='par_1_7' title="bbox 418 2260 2334 2450">
     <span class='ocr_line' id='line_1_54' title="bbox 418 2260 2332 2302; baseline -0.001 -10"><span class='ocrx_word' id='word_1_437' title='bbox 418 2262 623 2302; x_wconf 85' lang='lat' dir='ltr'>Hermogene</span> <span class='ocrx_word' id='word_1_438' title='bbox 645 2263 899 2301; x_wconf 85' lang='lat' dir='ltr'>commemorari,</span> <span class='ocrx_word' id='word_1_439' title='bbox 922 2263 957 2293; x_wconf 85' lang='lat' dir='ltr'>id</span> <span class='ocrx_word' id='word_1_440' title='bbox 979 2264 1066 2300; x_wconf 88' lang='lat' dir='ltr'>quod</span> <span class='ocrx_word' id='word_1_441' title='bbox 1087 2264 1215 2293; x_wconf 84' lang='lat' dir='ltr'>Dzialas</span> <span class='ocrx_word' id='word_1_442' title='bbox 1237 2264 1270 2293; x_wconf 85' lang='lat' dir='ltr'>in</span> <span class='ocrx_word' id='word_1_443' title='bbox 1293 2262 1535 2298; x_wconf 80' lang='lat' dir='ltr'>dissertatione,</span> <span class='ocrx_word' id='word_1_444' title='bbox 1558 2271 1622 2298; x_wconf 87' lang='lat' dir='ltr'>qua</span> <span class='ocrx_word' id='word_1_445' title='bbox 1642 2261 1810 2290; x_wconf 85' lang='lat' dir='ltr'>rhetorum</span> <span class='ocrx_word' id='word_1_446' title='bbox 1831 2261 2041 2298; x_wconf 87' lang='lat' dir='ltr'>antiquorum</span> <span class='ocrx_word' id='word_1_447' title='bbox 2063 2260 2103 2290; x_wconf 87' lang='lat' dir='ltr'>de</span> <span class='ocrx_word' id='word_1_448' title='bbox 2125 2260 2237 2299; x_wconf 79' lang='lat' dir='ltr'>figuris</span> <span class='ocrx_word' id='word_1_449' title='bbox 2259 2260 2332 2291; x_wconf 82' lang='lat' dir='ltr'>doo-</span> 
     </span>
     <span class='ocr_line' id='line_1_55' title="bbox 418 2306 2334 2353; baseline -0.003 -11"><span class='ocrx_word' id='word_1_450' title='bbox 418 2310 539 2342; x_wconf 82' lang='lat' dir='ltr'>trinam</span> <span class='ocrx_word' id='word_1_451' title='bbox 565 2312 734 2350; x_wconf 84' lang='lat' dir='ltr'>tractavit,</span> <span class='ocrx_word' id='word_1_452' title='bbox 764 2324 794 2353; x_wconf 93' lang='lat' dir='ltr'>p.</span> <span class='ocrx_word' id='word_1_453' title='bbox 824 2314 860 2343; x_wconf 90' lang='lat'>14</span> <span class='ocrx_word' id='word_1_454' title='bbox 887 2311 1054 2353; x_wconf 87' lang='lat' dir='ltr'>aptissime</span> <span class='ocrx_word' id='word_1_455' title='bbox 1081 2311 1126 2343; x_wconf 88' lang='lat' dir='ltr'>sic</span> <span class='ocrx_word' id='word_1_456' title='bbox 1156 2312 1312 2353; x_wconf 84' lang='lat' dir='ltr'>explicat:</span> <span class='ocrx_word' id='word_1_457' title='bbox 1343 2310 1588 2351; x_wconf 86' lang='lat' dir='ltr'>conjunctiones</span> <span class='ocrx_word' id='word_1_458' title='bbox 1615 2320 1634 2340; x_wconf 89' lang='lat' dir='ltr'>a</span> <span class='ocrx_word' id='word_1_459' title='bbox 1661 2308 1805 2348; x_wconf 81' lang='lat' dir='ltr'>Graecis,</span> <span class='ocrx_word' id='word_1_460' title='bbox 1833 2308 1951 2349; x_wconf 86' lang='lat' dir='ltr'>quibus</span> <span class='ocrx_word' id='word_1_461' title='bbox 1974 2308 2078 2339; x_wconf 83' lang='lat' dir='ltr'>multo</span> <span class='ocrx_word' id='word_1_462' title='bbox 2106 2309 2212 2349; x_wconf 86' lang='lat' dir='ltr'>major</span> <span class='ocrx_word' id='word_1_463' title='bbox 2238 2306 2334 2348; x_wconf 78' lang='lat' dir='ltr'>copie.</span> 
     </span>
     <span class='ocr_line' id='line_1_56' title="bbox 418 2357 2334 2401; baseline -0.001 -11"><span class='ocrx_word' id='word_1_464' title='bbox 418 2360 535 2391; x_wconf 79' lang='lat' dir='ltr'>harum</span> <span class='ocrx_word' id='word_1_465' title='bbox 557 2362 792 2401; x_wconf 77' lang='lat' dir='ltr'>particularum</span> <span class='ocrx_word' id='word_1_466' title='bbox 814 2372 911 2400; x_wconf 87' lang='lat' dir='ltr'>quam</span> <span class='ocrx_word' id='word_1_467' title='bbox 933 2361 1004 2391; x_wconf 86' lang='lat' dir='ltr'>aliis</span> <span class='ocrx_word' id='word_1_468' title='bbox 1026 2362 1155 2401; x_wconf 86' lang='lat' dir='ltr'>populis</span> <span class='ocrx_word' id='word_1_469' title='bbox 1177 2365 1236 2399; x_wconf 83' lang='lat' dir='ltr'>est,</span> <span class='ocrx_word' id='word_1_470' title='bbox 1258 2366 1326 2392; x_wconf 84' lang='lat' dir='ltr'>tam</span> <span class='ocrx_word' id='word_1_471' title='bbox 1348 2362 1461 2391; x_wconf 87' lang='lat' dir='ltr'>crebro</span> <span class='ocrx_word' id='word_1_472' title='bbox 1484 2360 1687 2397; x_wconf 88' lang='lat' dir='ltr'>libenterque</span> <span class='ocrx_word' id='word_1_473' title='bbox 1709 2359 1805 2389; x_wconf 89' lang='lat' dir='ltr'>etiam</span> <span class='ocrx_word' id='word_1_474' title='bbox 1827 2358 1860 2389; x_wconf 92' lang='lat' dir='ltr'>in</span> <span class='ocrx_word' id='word_1_475' title='bbox 1881 2359 2029 2389; x_wconf 87' lang='lat' dir='ltr'>oratione</span> <span class='ocrx_word' id='word_1_476' title='bbox 2050 2368 2115 2389; x_wconf 91' lang='lat' dir='ltr'>non</span> <span class='ocrx_word' id='word_1_477' title='bbox 2136 2357 2279 2397; x_wconf 82' lang='lat' dir='ltr'>eleganti</span> <span class='ocrx_word' id='word_1_478' title='bbox 2299 2360 2334 2389; x_wconf 85' lang='lat' dir='ltr'>et.</span> 
     </span>
     <span class='ocr_line' id='line_1_57' title="bbox 419 2409 1682 2450; baseline -0.002 -10"><span class='ocrx_word' id='word_1_479' title='bbox 419 2410 566 2448; x_wconf 85' lang='lat' dir='ltr'>pedestri</span> <span class='ocrx_word' id='word_1_480' title='bbox 586 2412 841 2450; x_wconf 84' lang='lat' dir='ltr'>usurpabantur,</span> <span class='ocrx_word' id='word_1_481' title='bbox 863 2414 900 2442; x_wconf 91' lang='lat' dir='ltr'>ut</span> <span class='ocrx_word' id='word_1_482' title='bbox 920 2410 960 2440; x_wconf 89' lang='lat' dir='ltr'>iis</span> <span class='ocrx_word' id='word_1_483' title='bbox 982 2410 1155 2449; x_wconf 82' lang='lat' dir='ltr'>singularis</span> <span class='ocrx_word' id='word_1_484' title='bbox 1177 2414 1308 2441; x_wconf 88' lang='lat' dir='ltr'>ornatus</span> <span class='ocrx_word' id='word_1_485' title='bbox 1331 2420 1400 2440; x_wconf 85' lang='lat' dir='ltr'>esse</span> <span class='ocrx_word' id='word_1_486' title='bbox 1421 2420 1486 2440; x_wconf 87' lang='lat' dir='ltr'>non</span> <span class='ocrx_word' id='word_1_487' title='bbox 1507 2409 1682 2440; x_wconf 84' lang='lat' dir='ltr'>videretur.</span> 
     </span>
    </p>
   </div>
   <div class='ocr_carea' id='block_1_8' title="bbox 417 2454 2437 2565">
    <p class='ocr_par' dir='ltr' id='par_1_8' title="bbox 417 2452 2437 2565">
     <span class='ocr_line' id='line_1_58' title="bbox 519 2454 2386 2505; baseline -0.002 -9"><span class='ocrx_word' id='word_1_488' title='bbox 519 2463 568 2504; x_wconf 89' lang='lat'>**)</span> <span class='ocrx_word' id='word_1_489' title='bbox 590 2464 763 2505; x_wconf 85' lang='lat' dir='ltr'>Gregorius</span> <span class='ocrx_word' id='word_1_490' title='bbox 793 2464 979 2497; x_wconf 87' lang='lat' dir='ltr'>Corinthius</span> <span class='ocrx_word' id='word_1_491' title='bbox 1005 2464 1039 2494; x_wconf 86' lang='lat' dir='ltr'>in</span> <span class='ocrx_word' id='word_1_492' title='bbox 1065 2464 1167 2496; x_wconf 88' lang='lat' dir='ltr'>Walz.</span> <span class='ocrx_word' id='word_1_493' title='bbox 1190 2464 1285 2496; x_wconf 83' lang='lat' dir='ltr'>Rhet.</span> <span class='ocrx_word' id='word_1_494' title='bbox 1307 2464 1383 2502; x_wconf 85' lang='lat' dir='ltr'>VII,</span> <span class='ocrx_word' id='word_1_495' title='bbox 1411 2465 1486 2494; x_wconf 82' lang='lat'>1211</span> <span class='ocrx_word' id='word_1_496' title='bbox 1509 2462 1759 2502; x_wconf 87' lang='lat' dir='ltr'>interpretatur:</span> <span class='ocrx_word' id='word_1_497' title='bbox 1785 2455 1953 2504; x_wconf 74' lang='grc' dir='ltr'>μέγεθος</span> <span class='ocrx_word' id='word_1_498' title='bbox 1976 2460 2056 2503; x_wconf 80' lang='grc' dir='ltr'><em>μὲν,</em></span> <span class='ocrx_word' id='word_1_499' title='bbox 2085 2454 2177 2492; x_wconf 78' lang='grc' dir='ltr'><em>ὅταν</em></span> <span class='ocrx_word' id='word_1_500' title='bbox 2191 2458 2333 2501; x_wconf 75' lang='grc' dir='ltr'><em>ἔχωμεν</em></span> <span class='ocrx_word' id='word_1_501' title='bbox 2384 2457 2386 2459; x_wconf 59' lang='grc'>’</span> 
     </span>
     <span class='ocr_line' id='line_1_59' title="bbox 417 2512 2437 2565; baseline -0.002 -11"><span class='ocrx_word' id='word_1_502' title='bbox 417 2520 458 2555; x_wconf 80' lang='grc' dir='ltr'><em>ἔν</em></span> <span class='ocrx_word' id='word_1_503' title='bbox 475 2521 607 2565; x_wconf 81' lang='grc' dir='ltr'>πρᾶμα</span> <span class='ocrx_word' id='word_1_504' title='bbox 624 2522 692 2556; x_wconf 88' lang='grc' dir='ltr'>παὶ</span> <span class='ocrx_word' id='word_1_505' title='bbox 709 2518 998 2565; x_wconf 81' lang='grc' dir='ltr'><em>κατατέμνωμεν</em></span> <span class='ocrx_word' id='word_1_506' title='bbox 1016 2519 1110 2555; x_wconf 84' lang='grc' dir='ltr'>αὐτὸ</span> <span class='ocrx_word' id='word_1_507' title='bbox 1130 2524 1180 2561; x_wconf 77' lang='grc' dir='ltr'>εἰς</span> <span class='ocrx_word' id='word_1_508' title='bbox 1198 2519 1329 2556; x_wconf 81' lang='grc' dir='ltr'><em>πολλά·</em></span> <span class='ocrx_word' id='word_1_509' title='bbox 1351 2519 1499 2561; x_wconf 72' lang='grc' dir='ltr'>πλῆθος</span> <span class='ocrx_word' id='word_1_510' title='bbox 1519 2520 1572 2559; x_wconf 78' lang='grc' dir='ltr'>δὲ,</span> <span class='ocrx_word' id='word_1_511' title='bbox 1594 2516 1687 2553; x_wconf 81' lang='grc' dir='ltr'><em>ὅταν</em></span> <span class='ocrx_word' id='word_1_512' title='bbox 1707 2515 1829 2553; x_wconf 72' lang='grc' dir='ltr'><em>πολλὰ</em></span> <span class='ocrx_word' id='word_1_513' title='bbox 1849 2519 1923 2559; x_wconf 76' lang='grc' dir='ltr'>ἔχω</span> <span class='ocrx_word' id='word_1_514' title='bbox 1944 2518 2008 2552; x_wconf 87' lang='grc' dir='ltr'>καὶ</span> <span class='ocrx_word' id='word_1_515' title='bbox 2023 2517 2208 2561; x_wconf 79' lang='grc' dir='ltr'>διηγῶμαι</span> <span class='ocrx_word' id='word_1_516' title='bbox 2221 2512 2343 2555; x_wconf 47' lang='grc' dir='ltr'>αὐτοὶ,</span> <span class='ocrx_word' id='word_1_517' title='bbox 2364 2535 2373 2544; x_wconf 63' lang='lat'>1</span> <span class='ocrx_word' id='word_1_518' title='bbox 2424 2513 2437 2538; x_wconf 64' lang='lat'>¹²</span> 
     </span>
    </p>
   </div>
   <div class='ocr_carea' id='block_1_9' title="bbox 0 1747 73 2220">
    <p class='ocr_par' dir='ltr' id='par_1_9' title="bbox 0 1747 73 2220">
     <span class='ocr_line' id='line_1_60' title="bbox 0 1747 73 2220; baseline 0 905"><span class='ocrx_word' id='word_1_519' title='bbox 0 1747 73 2220; x_wconf 95' lang='lat' dir='ltr'> </span> 
     </span>
    </p>
   </div>
   <div class='ocr_carea' id='block_1_10' title="bbox 0 2225 417 2589">
    <p class='ocr_par' dir='ltr' id='par_1_10' title="bbox 0 2225 417 2589">
     <span class='ocr_line' id='line_1_61' title="bbox 0 2225 118 2422; baseline 0 -47"><span class='ocrx_word' id='word_1_520' title='bbox 0 2225 118 2422; x_wconf 95' lang='lat' dir='ltr'>    </span> 
     </span>
     <span class='ocr_line' id='line_1_62' title="bbox 0 2422 417 2589; baseline 0 0"><span class='ocrx_word' id='word_1_521' title='bbox 0 2422 417 2589; x_wconf 95' lang='lat' dir='ltr'>   </span> 
     </span>
    </p>
   </div>
  </div>
 </body>
</html>
