2530 3125
398 334 969 391 <plurimopermrefetmr
993 331 1122 382 XIX,
1148 332 1232 372 103.
1263 331 1308 370 τὸ
1330 333 1397 378 μὲν
1421 302 1565 368 ἔκτιζον
1588 327 1703 378 μέρος
1725 303 1968 376 κᾶτ’(ερτφ
1983 354 1999 377 ..

363 392 366 394 ³
403 397 567 441 druia
590 400 658 434 καὶ
683 397 734 434 τὰ
758 392 953 440 αἴσχιστά.
979 394 1075 440 ὑμᾶς
1100 392 1340 438 ἐξηπάτηκεν,
1365 389 1507 435 ἀδοξεῖ,
1532 383 1679 432 effatos
1703 375 1958 427 &zeleucus

896 193 951 210 (μζ,

418 465 522 506 quae
546 456 650 494 sunt·
665 451 764 502 ὑμᾶς
790 472 835 481 -
858 453 1028 502 ’κρίνεται
1056 461 1101 488 ea
1126 460 1226 498 quae
1252 446 1489 498 praecedunt
1512 445 1732 485 accuratius
1756 433 2056 497 explicui-quii
2101 485 2111 496 ,-

418 513 537 562 VIII,
562 515 623 553 65.
648 519 688 551 ἐν
713 512 810 560 μόνῃ
835 514 910 549 τῶν
935 512 1067 549 πασῶν
1093 510 1236 546 πόλεων
1261 509 1306 554 τῇ
1334 505 1493 554 ὑμετέρᾳ
1517 507 1627 544 ἄδεια
1653 505 1742 552 ὑπὲρ
1766 507 1841 543 τῶν
1865 505 2027 553 ἐχθρῶν
2044 499 2180 553 uisa·
2340 540 2352 555 ,ᾗ

418 576 501 612 κτλ..
536 574 607 611 οὐκ
640 567 685 618 ἦν
716 571 888 622 ἀσφαλὲς
919 567 1038 617 λέγειν
1062 573 1102 606 ἐν
1125 566 1299 614 Ὀλύνθῳ
1317 592 1328 601 .
1346 595 1356 605 .
1374 594 1383 603 .
1402 579 1425 605 .·
1450 563 1520 603 οὐκ
1546 559 1591 609 ἦν
1617 563 1788 614 ἀσφαλὲς
1812 560 1933 611 λέγειν
1957 567 1997 601 ὲν
2023 563 2241 614 emate.
2300 553 2316 571 ³
2346 564 2360 587 *²

420 633 492 673 οὐκ
526 627 571 677 ἦν
602 637 642 668 ἐν
675 630 821 678 Θήβαις
853 627 1026 678 ἀσφαλές
1055 630 1136 664 κτλ.
1187 625 1276 662 Hoc
1306 624 1394 661 loco
1425 631 1554 660 orator
1585 623 1693 671 quod
1723 623 1765 659 in
1790 623 1961 661 omnium
1985 622 2069 665 sola
2088 621 2206 661 urbe.
2346 653 2360 666 ,-

418 690 613 731 niensium
638 701 711 739 pro
736 686 913 727 hostibus
938 686 1095 736 impune
1122 684 1199 724 dici
1225 681 1435 731 contendit,
1462 680 1648 733 exemplis
1663 680 1807 732 probat
1824 679 2097 733 Olynthiomm
2114 684 2155 720 et
2169 666 2364 722 ’131οηῖὸῖ-

418 750 549 787 lorum
582 754 622 786 et
650 747 943 792 Thebanorum,
983 746 1051 793 qui
1084 744 1182 781 illud
1212 757 1286 780 non
1319 742 1497 789 siverint,
1535 741 1762 789 priusquam
1786 755 1809 779 a
1832 740 2013 789 Philippo
2037 735 2338 786 beneficiis&

520 863 713 904 Omnibus
745 864 805 901 his
836 864 952 912 locis,
992 862 1132 912 quibus
1163 861 1196 899 si
1227 872 1324 909 opus
1356 864 1455 897 esset
1487 859 1601 907 plura
1626 857 1767 895 addere
1791 870 2006 908 possemus,
2045 856 2238 907 particula
2259 856 2342 911 y'Q

421 924 652 975 explicativa
683 923 825 961 omissa
852 923 930 959 vim
962 921 1175 970 quandam,
1214 931 1312 967 quae
1340 931 1429 955 cum
1456 918 1492 954 vi
1518 917 1791 955 sententiarum
1818 917 2039 965 conveniat,
2077 914 2200 955 tribui
2224 919 2362 960 namq&-

419 982 590 1035 negabit.
640 980 772 1032 Magis
811 986 958 1028 autem,
996 985 1039 1016 ut
1071 982 1150 1029 jam
1182 974 1560 1026 supra'notavimus,
1597 975 1672 1011 hoc
1697 976 1763 1022 fit,
1801 976 1834 1012 si
1859 974 2026 1013 secundo
2052 974 2224 1012 membro
2241 971 2370 1012 siae
2387 976 2422 1009 ’.ἓ

420 1042 613 1094 particula
653 1041 786 1079 addito
824 1053 902 1077 non
940 1047 1019 1077 tam
1051 1038 1255 1088 explicatio
1286 1049 1400 1085 quam
1433 1035 1673 1073 confirmatio
1705 1035 1942 1082 continetur,
1980 1047 2212 1084 quamquam
2235 1032 2384 1072 initur...

421 1106 627 1150 utramque
659 1100 759 1138 ratio
792 1099 946 1137 omnino
972 1105 1050 1136 tam
1077 1102 1160 1135 arta
1186 1102 1263 1144 est,
1298 1101 1343 1133 ut
1368 1107 1481 1144 saepe
1507 1094 1572 1131 vix
1593 1094 1743 1143 possint
1767 1095 1866 1132 inter
1891 1105 1932 1131 se
1959 1093 2157 1144 distingui.
2206 1093 2390 1141 Atque

422 1162 515 1200 satis
541 1161 646 1198 clare
672 1159 772 1197 inest
801 1171 937 1196 causae
965 1157 1195 1207 significatio
1224 1156 1263 1192 in
1289 1154 1414 1192 verbis
1441 1166 1539 1202 quae
1562 1158 1653 1191 sunt
1678 1153 1792 1200 VIII,
1818 1155 1878 1192 31.
1903 1155 2057 1201 ληρεῖτε,
2083 1151 2235 1190 πάντων
2259 1143 2335 1188 τῶν

421 1220 551 1258 κακῶν
576 1221 642 1256 καὶ
669 1220 743 1255 τῶν
767 1216 995 1265 πραγμάτων
1022 1215 1166 1254 τούτων
1187 1213 1370 1256 Φίλιππός
1397 1216 1472 1251 ἐστ’
1499 1216 1630 1255 αἴτιος.
1666 1209 1808 1250 Sensus
1835 1211 1937 1249 enim
1962 1210 2026 1249 hio
2049 1215 2125 1249 est:
2150 1205 2418 1259 ineptffis,

424 1279 529 1328 quod
561 1279 597 1315 ei
628 1277 694 1326 qui
728 1277 804 1313 civi
837 1276 952 1313 alicui
980 1275 1216 1313 calamitates
1244 1281 1390 1310 vestras
1418 1272 1568 1309 crimini
1594 1271 1660 1308 dat
1685 1271 1862 1320 plausum
1888 1270 2007 1319 datis,
2045 1282 2135 1308 nam
2164 1266 2365 1318 Philippi
2400 1275 2418 1306 f·

422 1337 553 1387 potius
584 1336 680 1373 vitio
712 1335 840 1371 omnia
872 1334 939 1371 illa
970 1335 1073 1371 facta
1104 1338 1204 1370 sunt.
1248 1331 1373 1377 XIX,
1404 1332 1471 1369 109
1500 1330 1565 1367 τὸν
1592 1332 1626 1366 δ’
1652 1330 1862 1376 ἄνθρωπον
1884 1329 2141 1379 φυλάττεσθε·
2167 1329 2345 1375 ἄπιστοῆ
2397 1327 2412 1372 f

423 1395 527 1444 γόης,
553 1393 723 1445 πονηρός,
752 1406 851 1442 quae
876 1393 1053 1443 proxima
1077 1391 1196 1430 verba
1222 1395 1261 1428 et
1286 1390 1370 1439 ipsa
1397 1389 1668 1427 confirmantur
1691 1387 1746 1427 eis
1773 1400 1872 1436 quae
1899 1392 2113 1436 sequuntur
2138 1385 2210 1432 οὐχ
2226 1385 2358 1436 ι’)ριῖεϊειΑ
2384 1410 2387 1412 -
2474 1427 2479 1433 ι

425 1455 489 1492 οἶα
529 1458 726 1498 πεποίηκεν
764 1452 843 1499 ὲμέ;
883 1452 947 1490 οἶα
973 1451 1217 1497 ἐξηπάτηκειν;
1257 1449 1442 1487 Similiter
1478 1447 1715 1485 confirmatio
1754 1460 1825 1496 per
1857 1447 1928 1491 οὐχ
1960 1447 2086 1494 ὀρᾶτες
2124 1444 2357 1488 anneot-itan
2413 1450 2474 1473 s·-

423 1513 551 1561 XIX,
581 1513 674 1559 263,
708 1517 751 1549 ut
785 1512 940 1549 omnino
971 1511 1040 1547 illa
1073 1509 1224 1559 saepius
1249 1510 1347 1547 inest
1372 1509 1412 1544 in
1439 1506 1648 1545 enuntiatis
1674 1505 1960 1556 interrogativis
1985 1518 2056 1554 per
2082 1504 2127 1542 οὐ
2152 1500 2350 1551 induetis,
2382 1535 2385 1537 a

426 1573 473 1611 ct.
500 1569 613 1620 VIII,
647 1572 709 1619 64,
735 1571 813 1619 IX,
840 1572 899 1608 34.
925 1594 973 1599 —
999 1570 1202 1607 Praeterea
1227 1566 1410 1615 XXXII,
1437 1567 1496 1606 28.
1523 1568 1568 1614 τῇ
1595 1567 1629 1603 δ’
1656 1567 1724 1614 ἐμῇ
1750 1567 1835 1614 δίκῃ
1860 1567 1972 1612 μηὸὲν
1997 1566 2136 1609 ἐκείνης
2160 1562 2341 1611 πρόσαγε.

425 1635 460 1669 εἴ
488 1635 529 1668 τί
552 1645 594 1668 σε
626 1629 799 1674 ἠδίκηκεν
830 1629 850 1666 ὁ
883 1631 1045 1678 Πρῶτος
1077 1627 1098 1672 ἦ
1130 1626 1247 1673 λέγων
1279 1627 1299 1671 ἦ
1326 1628 1456 1669 ποιῶν,
1481 1628 1592 1669 ἔχεις,
1629 1625 1679 1667 ὡς
1704 1627 1821 1667 ἔοικε,
1858 1625 1976 1668 δίκην.
2028 1619 2237 1668 XXXIV,
2260 1620 2358 1667 ἼῚ14ε.

427 1689 639 1736 Χρύσιππε,
665 1692 803 1734 μαίνει·
831 1691 867 1725 τί
894 1689 1032 1724 τοῦτον
1057 1688 1279 1734 προσκαλεῖ;
1312 1684 1403 1721 Alia
1429 1682 1605 1732 exempla
1630 1682 1799 1721 invenies
1824 1680 1943 1729 XXI,
1971 1681 2060 1726 1963
2086 1678 2244 1727 XXIV,
2271 1678 2337 1724 363
2420 1716 2424 1719 ,

423 1747 528 1797 XIX,
557 1748 640 1784 191.
666 1746 750 1784 223.
777 1747 861 1785 295.
886 1746 984 1794 XX,
1012 1746 1073 1790 79,
1098 1744 1181 1782 aliis
1207 1744 1312 1781 locis.
2271 1785 2274 1787 ‚
2473 1748 2482 1755 ⁴

525 1807 796 1855 Explicativae
821 1807 882 1843 vel
908 1804 1196 1843 confirmativae
1222 1804 1362 1840 rationi
1388 1801 1581 1839 simillima
1608 1814 1653 1837 ea
1679 1810 1747 1848 est,
1774 1813 1852 1848 qua
1879 1799 2013 1836 eadem
2039 1811 2101 1837 res
2127 1797 2212 1835 aliis
2229 1807 2342 1844 repe-

425 1867 522 1904 titur
548 1866 691 1904 verbis.
743 1866 845 1903 Nam
873 1879 960 1902 cum
987 1864 1086 1901 inter
1111 1869 1313 1911 utramque
1341 1874 1470 1899 earum
1496 1859 1537 1897 id
1561 1860 1723 1907 intersit,
1750 1858 1855 1908 quod
1881 1858 1998 1896 altera
2023 1855 2169 1906 aliquid
2185 1855 2342 1906 planius
2442 1898 2445 1903 ,
2474 1895 2476 1897 ,

424 1927 481 1973 fit,
508 1926 631 1963 altera
654 1931 782 1963 autem
809 1926 966 1975 gravius
992 1923 1252 1973 praedicatur,
1278 1923 1350 1958 hoc
1376 1927 1503 1957 tamen
1529 1920 1734 1968 utriusque
1760 1925 1830 1966 est,
1856 1917 1961 1967 quod
1988 1931 2065 1954 una
2081 1929 2144 1954 res
2161 1914 2343 1965 pluribus
2441 1937 2454 1959 ,;
2472 1942 2514 1966 2...»

425 1985 676 2035 significatur.
728 1985 817 2022 Hac
843 1997 936 2023 vero
964 1985 1049 2033 ipsa
1075 1982 1123 2020 de
1149 1994 1263 2020 causa
1287 1994 1363 2018 non
1388 1979 1548 2017 dubium
1575 1978 1668 2016 mihi
1693 1978 1858 2025 videtur,
1886 1977 1977 2026 quin
2002 1975 2070 2014 ubi
2094 1975 2136 2013 in
2159 1975 2229 2013 tali
2253 1986 2342 2013 sen-

425 2056 492 2082 sus
519 2045 665 2082 ratione
690 2043 902 2093 particulae
928 2056 1007 2080 non
1034 2043 1112 2079 sint
1138 2032 1365 2089 usurpatae,
1391 2051 1523 2075 verum
1550 2038 1706 2074 omnino
1732 2050 1810 2074 non
1835 2037 1886 2074 sit
1911 2035 2139 2086 asyndeton.
2190 2033 2344 2071 Revera

427 2103 531 2141 enim
556 2117 604 2141 ne
629 2103 721 2140 licet
748 2102 918 2151 quidem,
945 2114 1030 2139 cum
1058 2101 1170 2150 plura
1195 2100 1323 2147 verba,
1351 2111 1448 2147 quae
1474 2097 1581 2134 nullo
1607 2096 1707 2134 inter
1733 2109 1774 2134 se
1800 2108 1931 2134 sensus
1957 2093 2176 2134 discrimine
2201 2091 2340 2131 distin·

423 2167 617 2212 guuntur,
652 2174 692 2199 se
719 2161 934 2209 excipiunt,
968 2160 1167 2209 particulis
1195 2173 1239 2195 ea
1265 2158 1465 2206 copulare,
1493 2156 1636 2204 quippe
1663 2155 1802 2202 quibus
1828 2155 1917 2191 novi
1941 2153 2092 2201 aliquid.
2113 2152 2223 2200 sequi
2242 2150 2340 2200 =pro-

423 2221 511 2271 prie
537 2220 743 2258 indicetur.
786 2221 968 2270 Apparet
994 2219 1128 2269 igitur,
1155 2231 1237 2256 eam
1264 2217 1507 2267 gravitatem,
1534 2227 1634 2263 quae
1660 2214 1699 2251 in
1725 2212 2018 2263 repetitionibus
2043 2211 2120 2250 illis
2137 2210 2241 2258 insit,
2265 2221 2342 2248 uon

423 2280 498 2318 nisi
524 2278 614 2316 inde
638 2292 754 2329 posse
781 2279 887 2326 oriri,
915 2278 1019 2327 quod
1045 2277 1148 2314 idem
1173 2276 1348 2325 pluribus
1368 2274 1607 2322 exprimatur
1625 2273 1855 2310 nominibus.
1890 2271 1977 2309 Hac
1994 2273 2095 2309 enim
2112 2269 2344 2319 repetitione

424 2352 506 2377 rem
540 2339 639 2377 tanti
672 2338 856 2376 momenti
889 2351 970 2377 esse
1002 2336 1260 2388 significatur,
1300 2342 1343 2373 ut
1376 2347 1451 2372 non
1484 2333 1578 2372 satis
1611 2332 1662 2371 sit
1691 2345 1767 2371 uno
1798 2331 1905 2369 illam
1937 2330 2091 2369 nomine
2115 2329 2343 2380 exprimere.
2372 2336 2376 2341 “

425 2398 593 2436 Accedit
618 2404 759 2446 autem,
787 2397 895 2446 quod
923 2402 1062 2444 orator,
1089 2401 1132 2434 ut
1157 2395 1246 2444 plus
1264 2395 1497 2445 graviusque
1515 2392 1695 2430 videatur
1711 2392 1829 2440 loqui,
1856 2390 2043 2429 vocabula
2060 2389 2152 2427 talia
2168 2389 2341 2438 plerum-

425 2471 503 2507 que
530 2457 651 2507 eligit,
678 2470 777 2506 quae
797 2458 934 2507 juncta
959 2455 1118 2505 quidem
1143 2468 1258 2493 unam
1284 2458 1429 2492 certam
1455 2465 1536 2491 rem
1563 2451 1770 2498 declarent,
1796 2451 1952 2500 singula
1975 2455 2103 2488 tamen
2120 2461 2190 2499 per
2205 2460 2248 2487 se
2264 2457 2342 2485 non

424 2529 585 2567 prorsus
610 2515 713 2554 idem
739 2516 933 2554 denotent.
968 2514 1034 2553 Sic
1060 2514 1165 2563 quod
1191 2512 1342 2561 XVIII,
1372 2514 1454 2551 127.
1498 2510 1727 2549 Aeschinem
1752 2509 1921 2559 appellat
1946 2509 2215 2557 σπερμολόγον,
2240 2509 2341 2555 περί-

426 2591 569 2624 memus
595 2576 751 2625 ἀγορᾶς,
778 2576 944 2626 ὄλεθρον
969 2572 1209 2624 γραμματέα,
1236 2566 1330 2611 haec
1356 2571 1508 2609 nomina
1534 2583 1621 2609 cum
1646 2583 1716 2620 per
1741 2583 1782 2609 se
1805 2568 1912 2607 aliud
1938 2568 2051 2607 aliam
2076 2566 2242 2618 speciem
2259 2563 2343 2603 effi-

422 2635 530 2672 ciant
560 2639 710 2682 tamen,
748 2638 793 2671 ut
818 2639 907 2672 sunt
932 2635 1159 2682 conjuncta,
1198 2632 1271 2670 hoc
1297 2644 1415 2670 unum
1444 2629 1636 2678 explicant
1661 2629 1941 2679 sycophantam
1966 2628 2076 2665 illum
2103 2638 2185 2664 esse
2211 2623 2346 2674 perdi·-
2400 2649 2403 2651 Α
