2530 3125
327 485 367 545 Ἰ
381 493 576 546 quandam
601 495 830 545 gravitatem
855 501 893 533 et
918 509 941 533 a
966 496 1221 545 plurimorum
1247 496 1419 534 locorum
1445 496 1576 535 habitu
1601 497 1775 535 alienam.
1820 498 1947 546 Quam
1973 499 2073 538 Nae-

362 555 421 597 'us
452 553 491 594 in
515 553 690 593 Excursu
722 553 771 593 de
794 554 980 606 asyndeto
1006 554 1210 594 Homerico
1236 555 1336 593 inter
1363 556 1565 606 participia
1590 564 1774 625 usurpato
1800 571 1838 608 p.
1865 558 1937 598 290
1963 571 2074 610 saga-

292 663 302 667 *
352 614 444 658 inde
467 613 617 663 judicat
641 614 844 681 proficisci,
871 614 974 663 quod
1000 615 1111 664 vigor
1137 616 1198 652 ille
1223 615 1378 654 secundi
1404 617 1576 665 membri,
1604 618 1670 666 qui
1696 618 1735 654 in
1760 618 1970 655 trimembri
1988 631 2073 657 ora-

150 667 299 728 none
315 672 500 712 dissoluta
529 672 642 710 tertio
669 673 777 722 quasi
802 672 970 721 sedetur,
996 673 1036 711 in
1063 673 1263 711 bimembri
1290 687 1376 711 cum
1401 689 1474 712 non
1501 676 1635 713 eodem
1661 675 1774 713 modo
1803 677 2075 726 comprimatur

143 729 149 745 ⁵
202 733 242 781 91
256 731 529 779 continuetur,
555 736 689 769 contra
714 732 823 781 prius
849 744 889 769 se
915 737 1051 781 vertat,
1078 733 1131 769 ita
1156 738 1199 768 ut
1225 733 1392 770 membra
1418 746 1494 769 non
1520 747 1631 772 sensu
1658 735 1825 783 quidem,
1851 736 1920 773 sed
1947 737 2075 785 specie

135 846 137 849 v
158 824 160 826 -
178 793 258 839 nint
280 793 382 831 inter
407 804 447 830 se
474 791 659 841 opposita
710 792 840 840 Atque
868 792 1041 841 exempla
1069 792 1285 830 bimembris
1311 793 1422 841 hujus
1450 793 1622 843 asyndeti
1644 796 1722 843 jam
1749 793 2007 835 Rehdantzius
2033 796 2072 834 111

131 854 147 902 ξ’
175 851 302 895 indice
325 849 482 888 editioni
507 850 720 886 orationum
746 855 832 887 octo
849 850 1147 899 Philippicarum
1166 851 1346 900 adjuncto
1367 850 1455 887 haec
1474 853 1615 888 attulit·
1645 852 1722 901 111,
1751 853 1795 889 31
1816 853 2071 901 περιῃρημένοι

139 914 148 956 ᾗ
165 951 169 959 ἶ
172 926 370 967 χρηματα,
406 908 626 956 συμμάχους
651 908 894 958 (Dind'orfius
921 915 1052 948 eontra
1077 910 1171 961 legit
1195 911 1371 958 χρήματα
1404 913 1468 948 καὶ
1502 911 1751 961 συμμάχους).
1802 911 1964 961 XVIII,
1999 913 2072 952 234

166 969 330 1020 ζρςλίτήν
363 971 412 1013 δ’,
449 966 562 1006 ιππέα
595 967 714 1018 (idem
739 968 962 1007 Dindorfius
995 969 1147 1014 ὁπλίτην
1170 971 1205 1007 δ’
1226 969 1247 1014 ἢ
1274 967 1414 1019 ἱππέα)
1465 968 1586 1017 XIX,
1626 970 1707 1010 190,
1745 973 1933 1016 σπονδῶν,
1964 974 2071 1020 ἱερῶν

31 1064 70 1081 ,9,
95 1081 105 1085 -
153 1025 428 1074 ὢωιοώνησεν.
478 1027 562 1065 220.
594 1028 783 1076 Εὔβοιαν,
815 1028 977 1079 Ὠρωπὸν
1015 1028 1233 1067 ἀποδώσειν.
1283 1027 1404 1077 XXI,
1438 1029 1496 1066 61.
1535 1028 1628 1067 ὥστε
1652 1029 1944 1075 ἀναλίσκοντας,
1970 1031 2070 1079 ἀγω-

176 1090 333 1131 νιῶντας
365 1085 462 1134 ὅμως
493 1085 721 1132 ἀπέχεσθαι.
774 1088 833 1124 81.
866 1087 971 1135 κάγὼ
1000 1090 1065 1135 μὲν
1103 1087 1218 1132 οὕτως
1250 1087 1415 1136 εὐλαβῶς
1448 1091 1493 1136 τῇ
1525 1090 1627 1136 δίκη,
1667 1095 1746 1131 τοῖς
1770 1089 1897 1136 νόμοις
1920 1089 2070 1127 ἅπαντα

69 1139 351 1196 ‘'5²³2'aethth
389 1144 492 1192 ἄξιοι.
540 1144 719 1195 XLVII,
758 1146 815 1184 30.
848 1148 899 1194 τῷ
931 1148 1154 1197 καιρῷ,τῇ
1177 1161 1298 1195 χρειᾳ.
1350 1144 1498 1192 Quibus
1526 1147 1708 1196 exemplis
1735 1160 1805 1197 ego
1832 1148 1924 1186 haec
1949 1148 2068 1186 addo:

176 1205 291 1254 VIII,
316 1205 376 1241 27.
399 1202 522 1252 μέλλει
548 1208 767 1254 πολιορκεῖν,
792 1220 879 1249 τους
895 1204 1090 1250 Ελληνας.
1116 1207 1296 1243 ἐκδίδωσι.
1347 1206 1404 1244 63.
1432 1220 1531 1243 ποσα
1557 1206 1806 1252 ἐξηπάτησθε,
1833 1209 1955 1245 πόσων
1981 1208 2068 1244 ἀπε-

175 1264 373 1315 στέρησθε.
424 1262 587 1308 XVIII,
612 1264 671 1301 67.
704 1264 826 1313 ἑώρων
852 1266 887 1301 δ’
912 1263 1028 1301 αὑτὸν
1053 1265 1119 1302 τὸν
1145 1264 1331 1302 Φίλιππον
1357 1294 1366 1303 .
1393 1294 1403 1305 .
1429 1291 1437 1302 .
1465 1292 1473 1301 .
1500 1265 1566 1309 τὴν
1586 1271 1709 1315 χεῖρα,
1735 1266 1777 1303 τὸ
1804 1265 1933 1309 σκέλος
1958 1281 2068 1311 πεπη-

123 1328 126 1329 ’
173 1322 351 1375 ρωμένον.
404 1324 487 1360 150.
526 1327 582 1367 τίς
612 1318 678 1361 οὖν
704 1323 918 1368 ἐκλήτευσεν
943 1323 1060 1370 ἡμᾶςς
1098 1326 1155 1361 ἐπὶ
1180 1327 1290 1367 ποίας
1316 1323 1447 1372 ἀρχῆςς
1487 1324 1578 1371 295,
1618 1337 1693 1372 quo
1719 1325 1803 1362 loco
1830 1325 1928 1363 inter
1953 1325 2070 1363 multa

156 1382 363 1435 usyndeta
400 1383 462 1419 vel
500 1395 546 1420 ex
577 1383 699 1420 tribus
734 1382 792 1419 vel
825 1395 871 1419 ex
902 1382 1079 1431 pluribus
1109 1383 1284 1420 membris
1316 1383 1417 1420 facta
1444 1383 1668 1420 bimembria
1697 1384 1791 1421 haec
1817 1385 1893 1421 duo
1920 1390 2068 1422 extant:

57 1442 63 1453 ‘
99 1440 107 1445 ‘
138 1476 141 1477 γ
172 1443 433 1494 Ἀρίστρατος,
455 1441 671 1491 Ἐπιχάρης,
694 1470 704 1480 .
731 1471 739 1480 .
768 1470 777 1478 .
805 1471 813 1479 .
840 1444 1063 1491 Δείναρχος,
1091 1441 1323 1490 Δημάρατος,
1374 1440 1492 1490 XIX,
1520 1443 1603 1482 297.
1624 1442 1869 1493 Ἀριστοφῶν,
1896 1443 2067 1493 Διόφαν-

174 1517 249 1548 τος.
300 1501 385 1541 230.
423 1500 586 1539 λύεσθαι
613 1500 704 1543 τοὺς
730 1499 1010 1548 αἰχμαλώτους,
1042 1499 1182 1548 μηδένα
1208 1505 1246 1538 ὲν
1272 1504 1452 1552 συμφορᾷ
1479 1503 1551 1539 τῶν
1578 1504 1737 1539 πολιτῶν
1764 1502 1805 1538 δι’
1836 1504 1979 1540 ἔνδειαν
2006 1516 2066 1539 πε-

174 1561 316 1610 ριορᾶν.
367 1561 452 1598 300.
482 1561 535 1608 τῴ
561 1559 663 1607 παρὰ
690 1561 763 1595 τῶν
787 1558 1007 1597 πωλούντων
1034 1559 1102 1603 τας
1126 1559 1272 1607 προέξεις
1298 1559 1501 1603 ὠνεῖσθαι,
1541 1562 1592 1607 τῷ
1620 1561 1705 1604 τοὺς
1731 1560 2002 1609 προεστηκότας
2028 1565 2067 1597 ἐν

173 1626 258 1664 ταῖς
281 1617 408 1658 πόλεσι
434 1620 673 1668 διαφθείρειν
698 1621 761 1656 καὶ
788 1621 958 1668 ἐπαίρειν.
1002 1618 1117 1666 XXI,
1144 1619 1202 1655 61.
1230 1620 1392 1656 ,Μειδίαν
1418 1620 1456 1656 δὲ
1482 1620 1630 1664 ἰδιώτην
1657 1620 1759 1663 ὄντα,
1785 1620 1896 1666 μηδὲν
1923 1618 2065 1664 ἀνηλω-

172 1678 280 1715 κότα.
330 1676 475 1724 XXII,
514 1677 572 1712 68.
606 1676 700 1721 ὁμοῦ
725 1680 936 1721 μετοίκους,
973 1677 1202 1721 Ἀθηναίους
1229 1677 1320 1712 δέων
1347 1683 1384 1712 et
1408 1678 1523 1724 paulo
1550 1683 1639 1724 post
1665 1683 1703 1713 ἐν
1729 1684 1815 1719 ταῖς
1841 1680 2065 1720 ἐκκλησίαιςς

171 1738 231 1776 ἐπὶ
257 1738 325 1774 τοῦ
348 1735 525 1785 βήματος.
578 1732 784 1783 XXXIX,
817 1734 875 1772 35.
915 1736 1040 1785 ἱερῶν,
1074 1735 1184 1772 ὁσίων
1208 1733 1378 1781 μετέχεις,
1432 1735 1632 1785 Adjeotiva
1658 1741 1783 1774 autem
1810 1735 1885 1773 duo
1912 1733 2067 1784 praedi-

173 1795 296 1834 estiva
338 1794 445 1844 quod
488 1795 593 1832 nullo
637 1795 720 1831 loco
765 1794 819 1831 sic
858 1795 983 1844 posita
1022 1795 1263 1831 inveniuntur
1302 1795 1390 1842 (nisi
1430 1796 1515 1843 quis
1552 1796 1647 1832 forte
1685 1795 1801 1832 verba
1841 1808 1936 1843 quae
1976 1800 2066 1832 sunt

0 1851 92 1882 βῆ]
172 1853 293 1902 XXI,
332 1855 391 1891 71.
428 1856 580 1901 ἰσχυρός
610 1869 664 1897 τις
701 1849 763 1898 ἦν,
801 1853 914 1899 μέλας
953 1853 1026 1890 11110
1064 1854 1253 1902 pertinere
1289 1853 1455 1903 judicat,
1496 1868 1592 1902 quae
1632 1864 1756 1891 tamen
1788 1854 1841 1892 eis
1873 1866 1971 1902 quae
2004 1866 2066 1891 se-

0 1915 23 1973 Ξ
57 1906 59 1908 .
174 1919 343 1965 quantur
380 1907 420 1951 εὖ
453 1912 523 1951 οἷδ’
556 1911 613 1950 ὅτι
644 1914 900 1961 γιγνώσκουσί
925 1928 1020 1958 τινες
1051 1913 1150 1961 ὑμῶν
1183 1913 1224 1950 ὃν
1251 1916 1344 1960 λέγω
1371 1913 1649 1963 quodammodo
1676 1913 1950 1964 complentur),
1990 1913 2065 1950 hoc

4 1979 34 1999 ²³³
174 1986 264 2012 casu
289 1973 503 2023 putaverim
531 1972 725 2010 accidisse.
776 1972 842 2009 Ad
867 1972 1024 2010 eandem
1051 1973 1235 2010 rationem
1262 1973 1358 2010 illud
1385 1974 1461 2010 ἀνω
1488 1975 1589 2010 κάτω
1607 1974 1847 2011 referendum
1864 1980 1934 2016 est,
1961 1973 2066 2021 quod

149 2041 153 2043 “
175 2032 319 2084 legitur
343 2031 395 2078 ΙΙ,
424 2032 480 2069 16.
506 2030 579 2079 IV,
606 2033 666 2070 41.
692 2030 828 2080 XXV,
857 2032 920 2077 75;
948 2032 1122 2070 conferas
1150 2037 1282 2070 contra
1309 2033 1386 2069 ἄνω
1404 2036 1466 2069 καὶ
1486 2034 1587 2070 κάτω
1606 2032 1680 2081 ΙΧ,
1708 2033 1766 2071 36.
1794 2032 1952 2080 XVIII,
1982 2034 2064 2069 111.

170 2091 329 2141 XXIII,
356 2092 427 2129 178
454 2091 524 2129 bis.
551 2091 685 2139 XXV,
712 2092 758 2128 75
786 2097 824 2128 et
850 2091 927 2128 ἄνω
954 2107 991 2129 τε
1017 2096 1081 2129 καὶ
1108 2093 1209 2130 κάτω
1235 2091 1370 2138 XXV,
1396 2093 1454 2128 47.

101 2144 104 2145 ⁷
269 2150 424 2190 Aeoedo
450 2151 499 2189 ad
524 2150 738 2189 trimembre
764 2152 862 2189 inter
887 2164 947 2189 res
975 2162 1144 2200 tempore
1171 2164 1247 2188 non
1273 2151 1468 2189 distinctas
1487 2151 1709 2200 asyndeton,
1736 2151 1851 2199 quod,
1879 2156 1921 2187 ut
1939 2164 1961 2187 a
1981 2150 2063 2187 vul-

170 2211 256 2261 gari
287 2210 438 2248 dicendi
469 2223 607 2261 genere
639 2211 761 2248 minus
794 2210 994 2247 abhorreat
1027 2216 1065 2247 et
1096 2211 1134 2247 in
1169 2223 1208 2247 se
1235 2211 1359 2259 ipsum
1387 2211 1497 2258 quasi
1523 2210 1753 2248 sedationem
1781 2210 1937 2256 habeat,
1977 2222 2063 2246 cum

170 2270 356 2321 gravitate
392 2271 472 2307 fere
505 2283 581 2307 non
614 2270 668 2307 ita
700 2282 838 2320 magna
864 2270 930 2318 uti,
956 2275 1036 2307 tum
1062 2284 1084 2307 a
1110 2272 1279 2315 πλήθους
1307 2270 1431 2319 specie
1458 2276 1592 2306 natura
1618 2282 1688 2307 sua
1715 2282 1872 2319 prorsus
1899 2269 2063 2306 alienum

171 2342 255 2368 esse
285 2331 364 2379 jam
393 2342 511 2379 supra
545 2329 724 2374 vidimus;
765 2329 951 2378 singulari
977 2335 1100 2366 tamen
1128 2329 1163 2365 vi
1190 2342 1252 2366 eos
1280 2330 1383 2366 locos
1411 2342 1492 2367 esse
1519 2329 1795 2378 intellegemus,
1825 2328 1963 2376 quibus
1990 2328 2062 2366 eis-

170 2387 258 2427 dem
283 2389 397 2427 series
421 2388 626 2426 verborum
653 2401 723 2437 per
749 2388 890 2438 gradus
917 2388 1097 2426 aseendit.
1134 2388 1320 2437 Exempla
1346 2394 1471 2425 autem
1497 2389 1609 2437 hujus
1637 2387 1811 2437 asyndeti
1838 2393 1929 2425 sunt
1946 2388 2061 2436 longe

168 2447 344 2499 plurima.
394 2448 454 2486 Ae
478 2448 642 2498 primum
667 2461 710 2486 ea
735 2447 867 2497 affero,
893 2447 1030 2497 quibus
1056 2448 1205 2485 nomina
1231 2448 1302 2485 tria
1329 2448 1386 2485 vel
1414 2447 1590 2485 infinitivi
1617 2453 1655 2485 et
1680 2447 1883 2497 participia
1908 2446 2061 2483 illorum

169 2507 292 2546 instar
316 2513 496 2557 usurpata
515 2507 723 2552 ἀσυνδέτως
741 2522 780 2546 se
799 2509 1001 2558 excipiunt.
1038 2507 1098 2545 Cf.
1117 2506 1150 2555 I,
1179 2508 1234 2546 12.
1264 2509 1397 2555 Φεράς,
1424 2508 1628 2554 Παγασὰς,
1659 2509 1895 2554 Μαγνησίαν,
1929 2505 2007 2553 III,
2026 2507 2060 2542 5.

1843 2575 1866 2613 3
