2530 3125
415 177 583 238 sublatis
615 201 732 256 saepe
759 189 944 239 majorem
975 189 1106 227 sortiri
1130 188 1181 227 ad
1206 188 1439 231 movendum
1464 188 1543 227 vim
1563 188 1739 234 statum
1744 201 1808 239 qu
1829 191 1846 240 ¹,
1920 229 1928 230 ἶ
1950 230 1955 234 2

416 235 530 292 valde
553 245 604 286 ab
631 247 686 286 eis
711 247 986 297 commendari,
1013 247 1082 298 qui
1105 248 1199 287 artis
1224 248 1416 286 oratoriae
1438 235 1649 299 praecepta
1672 245 1853 297 scribant,
1870 243 1967 300 οδε
1974 249 1975 252 ’
2227 273 2230 278 ·
2268 292 2274 301 ,

418 308 567 346 astricti
599 306 755 357 legibus
787 320 833 345 ac
867 307 1137 346 consuetudini
1168 307 1310 362 nullam
1341 307 1648 356 praetermittant
1679 304 2005 356 conjunctionem,
2039 302 2260 362 vituperas(

416 367 579 405 otiosam
611 372 652 404 et
682 365 909 416 languidam
941 373 979 404 et
1010 366 1234 414 molestam,
1272 354 1317 403 eo
1350 364 1457 414 quod
1481 365 1585 403 omni
1608 365 1793 403 varietate
1818 370 1965 415 careat,
2005 364 2240 409 orationem

416 426 560 464 cientes
593 424 725 473 (λόγος
759 426 798 462 δὲ
828 426 1043 472 συνδέσμων
1069 423 1339 473 ἐξαιρεθέντων
1364 423 1544 467 πολλάκις
1569 423 1857 474 ἐμπαθεστέραν
1882 427 1949 462 καὶ
1972 424 2228 478 κινηκωτὲραμ
2248 424 2384 477 &61³

415 485 587 532 δύναμιν·
628 484 687 521 διὸ
720 487 784 521 καὶ
816 483 968 534 σφόδρα
1000 483 1043 520 τὸ
1076 483 1281 521 ἀσύνδετον
1311 485 1439 529 σχῆμα
1471 483 1575 530 παρὰ
1608 489 1687 526 τοῖς
1720 481 1855 528 τέχνας
1887 483 2101 534 γράφουσιν
2126 484 2326 532 εὐδοκιμεῖ·

415 544 505 586 τοὺς
536 544 575 580 δὲ
606 542 707 589 ἀγαν
738 541 919 588 νομίμους
951 546 1112 585 ἐκείνους
1143 544 1208 579 καὶ
1239 541 1380 588 μηδένα
1405 541 1616 608 [σύνδεσμον
1643 546 1684 578 ὲκ
1710 544 1773 586 τῆς
1799 543 2007 587 συνηθείας
2032 540 2237 592 ἀφιέντας,
2272 543 2327 590 ὥς

416 602 537 653 αργὴν
563 604 628 639 καὶ
653 600 794 645 ἀπαθῆ
819 603 885 637 καὶ
911 598 1062 646 κοπώδη
1088 615 1139 648 τῳ
1168 599 1414 649 ἀμεταβλήτῳ
1440 598 1507 645 τὴν
1533 598 1675 650 φράσιν
1700 601 1901 645 ποιοῦντας
1926 602 2158 651 αἰτιῶνται).

516 660 668 697 Novam
700 665 827 696 autem
857 659 970 726 hujus
1002 660 1148 709 figurae
1177 660 1398 695 tractandae
1429 660 1616 695 rationem
1640 672 1711 695 nec
1736 660 1914 696 inutilem
1938 667 2228 709 proposuerunt
2258 662 2327 710 qui
2356 656 2359 657 ⁷

416 720 608 757 diversam
634 719 674 755 in
701 732 744 755 ea
767 719 844 754 vim
869 717 993 756 inesse
1020 724 1186 765 censent,
1211 732 1280 767 pro
1303 724 1348 755 ut
1372 733 1439 767 per
1463 717 1641 755 breviora
1657 717 1858 758 intervalla
1874 718 1942 756 fiat
1959 724 2027 761 aut
2044 733 2114 768 per
2131 720 2328 771 longiora.

415 776 482 815 Sic
508 776 641 813 Julius
668 776 896 813 Rufinianus
924 776 999 823 „de
1025 777 1227 813 schematis
1254 777 1408 813 lexeos“
1435 779 1469 826 ξ.
1497 777 1546 811 20
1572 780 1695 811 notat:
1732 776 1957 826 Asyndeton
1990 777 2106 814 modo
2137 790 2209 826 per
2241 779 2329 816 sin-f

414 838 507 886 gula
538 837 659 873 verba
683 836 727 872 fit
751 836 864 872 modo
891 849 961 883 per
986 837 1097 883 plura
1123 837 1239 873 verba
1265 845 1303 872 et
1328 850 1398 884 per
1425 850 1470 873 ea
1497 849 1592 883 quae
1620 834 1760 873 Graeci
1789 842 1929 874 vocant
1957 839 2072 874 κῶλα.
2124 837 2178 874 Et
2203 850 2324 876 accu-
2374 851 2433 878 ss‘w·

415 896 538 933 ratius
565 894 741 932 Tiberius
769 895 867 941 Περὶ
901 894 1104 940 σχημάτων
1130 894 1231 943 (III,
1265 895 1345 943 77):
1383 893 1605 932 Ἀσόνδετον
1637 892 1676 930 δέ
1709 899 1829 938 ἐστιν,
1863 890 1893 942 ᾦ
1919 895 2114 940 πολλαχοῦ
2139 897 2277 945 χρῆται
2295 894 2326 935 ,ὁ

414 952 686 1002 Δημοσθένης,
725 955 808 989 κατ’
842 951 965 999 ὄνομα
997 957 1061 989 καὶ
1093 952 1195 989 κατα
1227 954 1348 990 κῶλον
1381 955 1465 1001 (καὶ
1499 951 1599 988 κατα
1632 954 1761 998 κόμμα
1787 951 2015 1003 Spengelius
2047 958 2137 990 'cum
2168 953 2252 993 cod.
2279 953 2325 1002 F.

415 1020 519 1051 recte
551 1012 703 1059 inserit,
736 1011 918 1059 quoniam
944 1018 982 1047 et
1007 1011 1043 1046 in
1072 1012 1126 1048 eis
1153 1025 1253 1060 quae
1279 1016 1489 1060 sequuntur
1514 1009 1653 1047 divisio
1679 1011 1725 1047 fit
1749 1012 1788 1047 in
1814 1017 1995 1060 quattuor
2020 1014 2166 1061 partes)
2192 1015 2256 1050 καὶ
2284 1018 2328 1051 ἐν

414 1072 516 1119 τόπῳ
542 1075 626 1109 κατ’
654 1085 776 1117 ονομα
800 1072 867 1116 μὲν
892 1070 1154 1118 ,,Ἀμφίπολιν,
1182 1072 1353 1114 Πύδναν,
1381 1071 1607 1112 Ποτίδαιαν,
1630 1068 1894 1114 Ἀλόννησον“.
1922 1071 1961 1116 ἐξ
1985 1067 2038 1109 ὦν
2063 1070 2238 1116 πλήθους
2260 1075 2323 1119 ἔμ-

415 1146 532 1181 φασις
557 1132 710 1177 γίνεται.
739 1130 840 1166 κατὰ
857 1132 978 1166 κῶλον
998 1128 1054 1176 (δέ
1075 1127 1306 1179 Spengelius
1326 1135 1429 1167 recte
1448 1128 1587 1178 addit),
1603 1133 1756 1173 »ἴσασιν
1770 1128 1948 1168 Εὐαίωνα
1967 1132 2112 1173 πολλοὶ,
2130 1129 2196 1168 τὸν
2213 1133 2325 1169 Λαο-

414 1189 606 1237 δάμαντος
632 1189 834 1237 ἀδελφόν“·
862 1188 993 1232 εὐειδὲς
1018 1188 1061 1225 τὸ
1088 1191 1249 1226 τοιοῦτο.
1275 1189 1376 1226 κατὰ
1399 1189 1527 1236 κόμμα
1551 1186 1589 1224 δέ
1616 1186 1734 1231 „brem
1758 1190 1815 1225 ἐπὶ
1838 1187 1984 1238 κόρρης,
2004 1188 2098 1226 ὅταν
2114 1187 2324 1233 κονδύλοις,

414 1249 536 1286 ταῦτα
562 1255 667 1291 κινεῖ,
693 1250 817 1284 ταῦτα
841 1247 1039 1292 ὲξίστησι“.
1067 1249 1190 1284 ταῦτα
1216 1250 1382 1284 δείνωσιν
1409 1252 1483 1292 ἔχει
1506 1250 1571 1284 καὶ
1597 1246 1791 1295 ἐνέργειαν.
1821 1275 1830 1283 .
1857 1277 1865 1285 .
1894 1274 1905 1284 .
1934 1249 2177 1296 λαμπρότητα
2198 1249 2324 1286 δὲκαὶ

414 1310 633 1357 φαντασίαν
658 1308 770 1343 τοῦτο
797 1305 840 1342 τὸ
867 1307 994 1352 σχῆμα
1020 1305 1222 1353 παρέχεται
1248 1307 1337 1343 ἄνευ
1364 1305 1578 1352 συνδέσμων
1604 1304 1789 1353 ἐλευθέρᾳ
1815 1307 1923 1355 φωνῇ
1949 1302 2017 1343 τὸῦ
2035 1305 2152 1352 λόγου
2168 1306 2320 1354 προῖόν-

413 1381 477 1409 τος
508 1372 592 1408 ταῖς
624 1367 698 1402 τῶν
728 1365 852 1402 τόπων
885 1366 1073 1411 ἐμβολαῖς.
1106 1365 1159 1412 τῴ
1186 1365 1350 1410 σχήματι
1377 1364 1554 1412 κέχρηται
1580 1364 1602 1408 ή
1629 1367 1713 1401 κατ’
1741 1365 1862 1403 ὄνομα
1886 1368 1939 1407 εἰς
1965 1366 2132 1408 πλῆθος,
2171 1364 2194 1409 ἢ
2220 1366 2324 1403 κατὰ

414 1427 536 1462 κῶλον
570 1429 621 1468 εἰς
652 1424 810 1467 καλλος,
843 1422 864 1467 ἦ
896 1423 997 1460 κατὰ
1023 1424 1152 1469 κίμμα
1179 1428 1230 1467 εἰς
1255 1423 1458 1472 ἐνέργειαν,
1493 1425 1515 1467 ἢ
1541 1423 1642 1460 κατὰ
1668 1422 1805 1467 τόπους
1831 1427 1882 1467 εἰς
1908 1422 2164 1471 λαμπρότητα.
2218 1422 2324 1461 Con-

416 1484 615 1520 firmantur
654 1489 784 1520 autem
822 1488 860 1519 et
898 1482 1110 1520 accuratius
1150 1482 1390 1520 illustrantur
1428 1482 1520 1519 haec
1548 1481 1692 1531 judicia
1723 1481 1777 1519 eis
1809 1495 1908 1530 quae
1941 1480 2210 1531 Hermogenes
2242 1485 2323 1533 περὶ

415 1544 522 1579 ἰδεῶν
548 1541 596 1579 de
623 1542 677 1579 eis
705 1541 840 1585 ἰδέαις,
865 1546 908 1578 ut
933 1541 1050 1578 verbo
1075 1555 1210 1592 graeco
1237 1547 1335 1590 utar,
1365 1541 1554 1591 exposuit,
1581 1554 1743 1589 quarum
1770 1540 1985 1589 asyndeton
2011 1541 2215 1589 proprium
2241 1553 2325 1580 esse

415 1607 553 1640 censet.
604 1601 714 1637 Haec
745 1606 835 1638 sunt
869 1600 1047 1647 μέγεθος,
1079 1601 1277 1648 γοργότης,
1311 1599 1490 1646 ἀλήθεια.
1542 1600 1593 1637 Et
1618 1599 1784 1646 μέγεθος
1812 1599 1915 1648 apud
1941 1599 2229 1649 Hermogenem
2254 1613 2323 1640 sex

416 1666 545 1709 partes
573 1660 647 1697 sibi
673 1660 863 1709 subjectas
889 1658 1018 1704 habet3
1045 1673 1205 1708 quarum
1231 1660 1296 1697 uni
1323 1659 1554 1708 λαμπρότητι
1581 1658 1794 1709 asyndeton
1821 1658 2006 1696 tribuitur
2032 1663 2072 1696 et
2098 1658 2258 1707 quidem
2281 1659 2325 1700 id

414 1719 523 1768 quod
548 1732 619 1769 per
644 1719 821 1769 longiora
846 1718 1015 1756 membra
1039 1718 1105 1755 fiat
1131 1719 1194 1767 (cf.
1213 1718 1265 1766 II,
1292 1721 1364 1758 307
1400 1717 1492 1763 ὅλως
1515 1720 1552 1755 δὲ
1575 1718 1624 1756 τὰ
1644 1717 1855 1761 ασυνδέτως
1872 1718 2112 1765 εἰσαγόμενα,
2138 1722 2171 1755 εἰ
2189 1719 2320 1769 μακρὰ

413 1783 469 1822 εἴη
487 1780 536 1815 τα
562 1781 678 1821 κῶλα,
704 1785 806 1815 ποιεῖ
828 1777 997 1825 λαμπρὸν
1024 1777 1089 1814 τὸν
1115 1777 1251 1825 λόγον).
1294 1777 1403 1825 Quae
1429 1779 1460 1815 si
1487 1790 1573 1814 cum
1598 1778 1745 1815 Tiberii
1761 1777 1888 1814 verbis
1908 1777 2227 1826 comparabimus,
2254 1779 2321 1816 vix

414 1836 573 1874 dubium
599 1838 684 1884 erit,
711 1836 803 1884 quin
829 1834 925 1872 illud
950 1840 989 1873 ὲν
1006 1837 1107 1882 τόπῳ
1127 1836 1189 1872 vel
1207 1837 1303 1873 κατὰ
1321 1837 1458 1879 τόπους
1475 1837 1552 1873 fere
1566 1836 1702 1874 eodem
1714 1836 1906 1885 pertineat
1919 1849 1997 1884 quo
2011 1835 2125 1873 verba
2142 1840 2174 1873 εἰ
2189 1837 2320 1886 μακρὰ

412 1902 469 1941 εἴη
501 1897 550 1933 τὰ
583 1898 702 1934 κώλα;
743 1895 815 1932 hoc
846 1900 883 1932 et
914 1908 961 1932 ex
992 1895 1075 1943 ipsa
1107 1895 1283 1933 vocabuli
1309 1895 1426 1933 τόπου
1452 1896 1490 1933 vi
1519 1895 1684 1933 efficitur
1709 1896 1840 1944 (τόπος
1866 1895 1967 1933 enim
1993 1894 2097 1945 apud
2123 1894 2324 1936 Tiberium

412 1955 507 1993 nihil
533 1954 640 1993 aliud
666 1954 879 2005 significare
906 1959 1034 2003 potest
1060 1968 1176 2003 quam
1202 1955 1328 1994 locum
1354 1960 1475 1993 totam
1501 1955 1786 2005 perfectamque
1813 1955 2040 1993 sententiam
2066 1955 2321 2005 complecten-

411 2016 506 2064 tem)
524 2022 564 2052 et
588 2028 632 2052 eo
651 2015 912 2060 confirmatur,
931 2013 1034 2061 quod
1053 2014 1100 2050 ab
1114 2014 1357 2064 Hermogene
1375 2015 1486 2064 plane
1504 2015 1671 2061 docetur,
1689 2028 1767 2051 non
1784 2015 1857 2053 nisi
1874 2028 1943 2064 per
1961 2015 2136 2065 longiora
2153 2014 2323 2053 membra

412 2074 658 2121 λαμπρότητα
690 2074 775 2111 fieri
806 2086 917 2121 posse
944 2073 1009 2121 (cf.
1035 2073 1095 2120 II,
1123 2074 1194 2112 308
1238 2077 1341 2111 κῶλα
1367 2077 1405 2111 δὲ
1439 2074 1487 2110 τὰ
1518 2073 1704 2120 μέλλοντα
1729 2074 1894 2118 ποιήσειν
1919 2074 1986 2111 τὸν
2012 2075 2126 2121 λόγον
2152 2073 2323 2123 λαμπρὸν

409 2131 626 2182 μακρότερα
651 2131 747 2170 εἶναι
774 2133 847 2177 δεῖ)
901 2129 979 2168 Sed
1007 2132 1120 2169 etiam
1145 2133 1283 2177 κάλλος
1309 2133 1518 2170 censuerim
1543 2132 1728 2182 asyndeto
1755 2132 1942 2182 adjuvari,
1969 2145 2199 2182 quamquam
2226 2134 2322 2171 haec

410 2191 539 2240 figura
564 2192 664 2227 inter
689 2204 765 2237 eas,
791 2204 886 2238 quas
912 2191 1175 2240 Hermogenes
1201 2192 1328 2228 κάλλει
1354 2192 1504 2238 tribuit,
1532 2205 1608 2228 non
1634 2192 1858 2229 nominatim
1884 2192 2054 2229 affertur.
2105 2192 2207 2229 Nam
2234 2204 2320 2230 cum

410 2249 549 2292 καλλος
576 2249 808 2296 λαμπρότητι
835 2249 987 2286 omnino
1014 2250 1251 2287 simillimum
1277 2250 1326 2288 sit
1352 2250 1417 2298 (cf.
1442 2249 1497 2297 II,
1528 2250 1599 2287 335
1631 2249 1828 2297 συγγένεια
1851 2250 1926 2298 γὰρ
1951 2250 2080 2288 κάλλει
2106 2250 2196 2300 πρὸς
2221 2252 2335 2297 Zau-⁷

410 2306 578 2354 πρότητα
604 2312 643 2344 ὲν
668 2306 807 2344 ἅπαντι
834 2307 969 2352 σχεδὸν
994 2308 1204 2356 πράγματι)
1233 2314 1271 2345 et
1295 2310 1335 2344 vi
1361 2308 1515 2357 quidem
1540 2308 1619 2345 fere
1645 2308 1835 2358 gradatim
1861 2313 2007 2345 tantum
2033 2307 2081 2344 ab
2107 2321 2151 2345 ea
2168 2308 2321 2346 differat

412 2369 451 2401 ct
477 2377 523 2401 ex
549 2364 683 2414 figuris
710 2366 827 2402 etiam
853 2365 1107 2414 epanaphora,
1136 2380 1248 2414 quam
1275 2380 1359 2404 cum
1384 2367 1568 2417 asyndeto
1594 2367 1815 2416 saepissime
1842 2368 2087 2415 conjunctam
2113 2379 2196 2405 esse
2222 2380 2318 2405 con-

410 2428 499 2470 stat,
524 2423 686 2468 κάλλους
712 2423 871 2473 propria
896 2424 947 2461 sit
971 2424 1036 2473 (cf.
1065 2425 1120 2472 II,
1148 2426 1219 2462 235
1246 2428 1539 2478 καλλωπιζουσιν
1567 2456 1575 2462 .
1603 2456 1610 2463 .
1640 2456 1647 2462 .
1677 2458 1686 2465 .
1713 2430 1756 2463 αἱ
1781 2425 1882 2463 κατα
1907 2427 2029 2463 κῶλον
2047 2427 2318 2476 ὲπανκφοραί),

410 2481 519 2520 nobis
550 2481 644 2519 nihil
670 2495 752 2522 esse
779 2482 951 2532 videtur,
986 2495 1053 2521 cur
1079 2497 1155 2521 non
1182 2484 1285 2522 idem
1312 2484 1538 2535 asyndeton,
1579 2486 1611 2524 si
1637 2497 1705 2535 per
1731 2484 1901 2522 membra
1927 2484 2053 2522 minus
2079 2497 2214 2535 magna
2238 2485 2319 2532 fiat,
