2530 3125
517 336 532 343 „
554 334 560 342 κ
914 271 1267 337 harum'pafflum
1281 292 1332 332 ut
1355 286 1640 337 conjunctiones
1665 287 1743 325 sint
1766 275 1964 326 voluntate
1983 288 2094 338 judi-

576 354 607 395 ‘,
582 331 843 395 utramque
860 359 938 384 non
965 346 1105 413 partis,
1140 346 1209 383 sed
1239 346 1356 383 totius
1391 346 1521 395 potius
1552 345 1608 383 rei
1634 345 1712 383 vim
1738 345 1877 383 habere
1903 353 1942 385 et
1965 359 2096 414 rerum

352 505 357 508 ,
405 464 467 502 ive
493 463 648 513 saepius
673 462 853 513 deinceps
878 464 1054 513 repetitis
1080 468 1118 502 et
1143 462 1307 509 μέγεθος
1334 469 1372 501 et
1397 465 1547 508 πλῆθος
1572 463 1803 502 efficiuntur.
1847 462 1987 512 Itaque
2013 464 2095 502 De·

352 536 362 561 ζ»
379 528 587 573 postquam
616 521 699 570 III,
738 524 810 561 276
841 523 881 559 in
915 523 1090 573 exemplo
1116 522 1341 560 Homerico:
1380 522 1515 572 Νιρεύς
1548 529 1645 570 τρεῖς
1677 524 1768 567 νῆας
1799 522 1911 570 ἆγεν,
1952 525 2095 571 Νιρεύς

211 627 214 629 μ
254 582 364 635 λὰίης
387 583 434 619 θ’
459 581 552 625 υἱός,
578 580 732 631 Νιρεὺς,
759 581 799 625 ὃς
825 581 1026 626 κάλλιστος
1051 581 1144 631 ἀνήρ
1170 581 1447 630 epanaphoram
1474 586 1512 618 et
1537 580 1701 630 dialysin
1722 581 1872 630 copiam
1894 582 2090 630 quandam

184 629 323 690 retum
342 640 559 691 significare
584 639 760 690 exposuit
787 639 957 688 (πλῆθός
982 655 1018 678 τι
1043 644 1215 691 ἐμφαίνει
1240 641 1487 707 πραγμάτων,
1525 643 1650 678 καίτοι
1677 639 1746 678 δύο
1772 640 1794 686 ἦ
1811 642 1923 689 τριῶν
1942 641 2089 688 ὄντων),

180 697 305 758 §iulo
330 703 421 751 post
443 713 482 749 p.
508 699 581 735 277
609 698 819 736 rectissime
845 698 954 738 dicit·
986 700 1180 744 πολλαχοῦ
1205 698 1330 747 μέντοι
1357 699 1399 735 τὸ
1425 702 1594 736 ἐναντιον
1620 700 1665 746 τῆ
1691 698 1812 742 λύσει,
1839 698 1861 743 ἡ
1887 699 2090 750 συνάφεια,

168 753 379 829 ἐμεὲνέθους
409 763 535 795 αἴτιον
564 761 708 804 γίνεται
732 759 893 804 μᾶλλον,
927 758 1009 794 οἷον
1038 757 1096 794 ὅτι
1122 757 1388 805 ἐστρατεύοντο
1408 757 1582 801 ‘'EM-masc
1609 771 1647 793 τε
1669 760 1735 794 καὶ
1761 758 1891 807 Κᾶρες
1918 762 1985 796 καὶ
2008 760 2094 797 Λυ-

176 821 266 860 ζκιοι
297 818 363 855 καὶ
388 814 601 866 Πάμφυλοι
633 818 699 853 καὶ
726 815 891 865 Φρύγεςῖ
924 815 945 861 ἡ
977 817 1051 865 γὰρ
1076 817 1144 853 τοῦ
1167 815 1286 853 αὐτοῦ
1312 815 1519 862 συνδέσμου
1547 815 1656 859 θέσις
1682 819 1854 865 ἐμφαίνει
1879 832 1914 854 τι
1941 817 2094 864 ἄπειρον

117 924 123 926 .
146 869 357 928 ,ζιπξεῆθοςε
388 874 545 913 eandem
567 874 687 924 igitur
712 874 786 912 hoc
810 874 893 913 loco
919 874 1173 943 polysyndeto
1193 887 1313 926 quam
1340 886 1457 923 supra
1478 874 1664 924 asyndeto
1692 875 1767 911 vim
1793 875 1938 914 tribuit.
1978 876 2088 914 Idem

82 982 85 984 μ
141 935 146 954 T
167 934 378 987 111‚274
409 947 467 981 sq.
499 933 628 971 docet.
662 934 863 976 Πολλάκις
892 934 1020 980 μέντοι
1045 937 1219 977 τεθέντες
1243 948 1319 977 πως
1344 934 1474 983 ἐφεξῆς
1499 934 1695 1003 σύνδεσμοι
1722 938 1787 971 καὶ
1813 936 1862 971 τα
1886 937 2002 985 μικρὰ
2026 951 2089 982 με-

184 986 296 1047 γάλα
328 993 517 1036 ποιοῦσιν,
556 991 605 1036 ὠς
642 995 729 1041 παρ’
766 990 906 1043 Ὁμήρῳ
938 994 1013 1030 τῶν
1048 994 1265 1030 Βοιωτικῶν
1296 991 1438 1029 πόλεων
1471 992 1520 1029 τὰ
1546 991 1723 1038 ὀνόματα
1757 993 1881 1038 εὐτελῆ
1908 993 2001 1031 ὄντα
2026 997 2093 1031 καὶ

170 1050 313 1105 ’μικρα
331 1050 446 1098 ὄγκον
472 1051 557 1088 τινὰ
582 1054 658 1096 ἔχει
683 1065 748 1088 και
773 1050 938 1098 μέγεθος
964 1050 1027 1088 διὰ
1052 1066 1140 1094 τους
1166 1051 1393 1097 συνδέσμους
1417 1051 1547 1100 ἑφεξῆς
1572 1051 1776 1094 τοσούτους
1793 1053 1988 1096 τεθέντας,
2013 1052 2093 1089 οἷον

162 1121 176 1150 t.
185 1115 229 1150 ἐν
245 1111 306 1158 τῷ
325 1109 525 1154 ,,Σχοῖνόν
541 1123 580 1147 τε
598 1109 764 1148 Σκῶλόν
783 1124 834 1154 τε,
852 1110 1088 1157 πολύκνημόν
1105 1125 1127 1148 τ
1152 1110 1375 1148 Ἐτεωνόνῡί.
1414 1110 1467 1148 Et
1484 1110 1728 1147 inveniuntur
1746 1110 1848 1159 apud
1867 1111 2094 1150 Demosthe-

172 1169 465 1217 ‘finem-quoque
491 1181 567 1205 non
593 1168 707 1217 pauci
732 1168 819 1215 loci,
846 1167 982 1216 quibus
1008 1181 1075 1217 per
1092 1169 1368 1205 abundantiam
1386 1169 1696 1217 conjunctionum
1713 1181 1840 1205 rerum
1857 1170 2091 1206 abundantia

190 1226 430 1278 exprimitur.
483 1225 542 1265 Cf.
569 1227 685 1265 verba
710 1241 810 1275 quae
835 1233 924 1265 sunt
949 1227 1060 1265 Dem.
1086 1241 1142 1265 or.
1168 1228 1246 1276 IX,
1280 1229 1327 1267 40
1360 1231 1435 1265 ἐπεὶ
1461 1227 1617 1278 τριήρεις
1642 1243 1684 1274 γε
1711 1233 1775 1265 καὶ
1801 1231 1983 1275 σωμάτων
2002 1232 2091 1274 πλῆ-

144 1319 165 1331 .-
187 1288 268 1338 θῗος
291 1288 358 1325 καὶ
380 1286 584 1337 χρημάτων
609 1286 787 1336 πρόσοδοι
813 1290 878 1324 καὶ
906 1289 968 1332 τῆς
994 1287 1109 1333 ἄλλης
1126 1288 1359 1333 κατασκευῆς
1376 1287 1558 1337 ἀφθονία
1577 1289 1641 1324 καὶ
1659 1286 1781 1324 τᾶλλα
1800 1315 1919 1324 .....
1937 1292 2024 1326 ἐστι’.
2044 1312 2093 1316 -

122 1340 141 1397 >⁷
188 1339 311 1393 XIX,
336 1344 411 1381 204
441 1344 619 1395 σιμφὲρει
645 1346 801 1389 Φωκέας
826 1344 1061 1383 ἀπολωλέναι
1087 1349 1152 1382 καὶ
1177 1347 1312 1389 Πύλας
1331 1346 1518 1382 Φίλιππον
1544 1348 1641 1389 ἔχειν
1659 1349 1723 1382 καὶ
1745 1346 1932 1394 Θηβαιοις
1951 1347 2092 1391 ἰσχύειν

55 1404 133 1460 δ’,
133 1401 136 1402 ’
188 1407 255 1443 καὶ
293 1409 332 1442 ἐν
364 1403 517 1452 Εὐβοία
555 1418 789 1452 στρατιωτοις
828 1405 923 1442 εἶναι
962 1408 1027 1442 καὶ
1060 1405 1253 1454 ΒΙεγαροις
1292 1405 1538 1452 ἐπιβουλεύειν
1576 1408 1641 1441 καὶ
1673 1405 1868 1451 ανώμοτον
1900 1407 1995 1443 εἶναι
2026 1407 2093 1450 την

144 1486 156 1505 ;
182 1462 345 1512 εἰρήνην.
393 1460 522 1508 Quare
549 1460 806 1509 Quintilianus
833 1463 906 1510 IX,
933 1465 968 1510 3,
995 1465 1043 1501 54
1069 1470 1169 1501 recte
1196 1463 1324 1502 docet:
1351 1463 1480 1511 „Fons
1508 1463 1665 1511 quidem
1690 1477 1799 1511 unus,
1827 1465 1917 1512 quia
1943 1465 2093 1502 acriora

188 1520 282 1560 facit
315 1525 353 1559 et
384 1521 629 1570 instantiora,
668 1535 767 1570 quae
800 1522 978 1571 dicimus,
1020 1528 1057 1560 et
1088 1523 1164 1560 vim
1198 1522 1388 1572 quandam
1418 1536 1510 1572 prae
1543 1536 1582 1561 se
1616 1522 1777 1560 ferentia
1804 1524 1910 1562 velut
1937 1524 2091 1573 saepius

170 1580 428 1629 >erumpentis
456 1579 651 1618 effectus“.
690 1581 769 1617 Iam
794 1594 888 1618 vero
916 1581 987 1619 etsi
1011 1582 1183 1618 neutrius
1209 1582 1354 1632 figurae
1380 1594 1504 1629 neque
1532 1576 1631 1625 ἦθος
1657 1594 1779 1629 neque
1807 1582 1937 1626 πάθος
1963 1595 2091 1630 neque

188 1639 339 1683 πλῆθος
365 1652 485 1686 neque
510 1639 676 1685 μέγεθος
701 1640 820 1677 solius
845 1641 1005 1688 propria
1031 1653 1111 1677 esse
1137 1641 1355 1688 docuimus,
1388 1647 1514 1676 tamen
1542 1641 1731 1676 contraria
1757 1640 1911 1687 quidem
1940 1643 2089 1677 ratione

190 1696 287 1737 haec
312 1711 381 1746 per
407 1703 606 1746 utramque
632 1697 795 1747 figuram
818 1699 918 1738 effici
945 1700 1221 1738 contendimus.

288 1755 393 1794 Nam
420 1757 622 1795 cumulatis
649 1757 999 1807 conjunctionibus,
1038 1758 1116 1796 sive
1143 1757 1295 1796 eaedem
1322 1763 1411 1796 sunt
1437 1759 1516 1796 sive
1542 1757 1736 1795 variantur
1763 1758 1825 1806 (cf.
1855 1757 1989 1805 Quint.
2017 1758 2090 1806 IX,

198 1815 234 1864 3,
262 1817 342 1867 52),
370 1829 457 1854 cum
483 1817 646 1854 elocutio
673 1818 891 1855 retardatur
919 1824 957 1856 et
982 1818 1135 1869 singula
1160 1818 1273 1855 verba
1299 1819 1353 1854 ita
1378 1819 1477 1855 inter
1505 1831 1543 1855 se
1564 1820 1792 1867 junguntur,
1820 1819 1927 1866 quasi
1953 1832 2091 1855 unum-

131 1905 134 1915 ,
189 1875 373 1925 quodque
397 1878 487 1914 novi
515 1877 609 1926 quid
636 1878 847 1926 significet,
881 1879 1002 1915 oratio
1028 1878 1183 1928 gravior
1207 1878 1250 1914 fit
1276 1878 1461 1926 pluraque
1485 1878 1635 1914 videtur
1662 1878 1891 1925 exprimere;
1924 1878 2088 1927 demptis

190 1940 327 1974 contra
352 1935 426 1973 illis
449 1936 566 1973 verba
592 1941 669 1973 tam
695 1937 870 1974 celeriter
896 1937 995 1974 inter
1021 1949 1061 1974 se
1085 1936 1289 1986 excipiunt,
1316 1942 1357 1973 ut
1385 1949 1443 1974 res
1470 1942 1661 1984 tamquam
1689 1937 1893 1973 acrimonia
1920 1943 1959 1974 et
1977 1938 2091 1975 vehe-

189 1987 333 2032 mentia
365 1996 548 2032 orationis
579 1996 709 2044 augeri
742 1996 955 2034 videantur.
1009 1996 1098 2043 Quo
1132 1996 1176 2032 fit
1209 2001 1251 2032 ut
1284 1998 1364 2043 ejus
1392 1996 1590 2042 orationis,
1628 2008 1726 2042 quae
1753 1997 2086 2044 conjunctionibus

157 2069 161 2074 ·
190 2058 309 2100 caret,
335 2052 493 2090 affectus
520 2054 748 2102 plerumque
775 2056 967 2103 concitati,
994 2057 1074 2103 ejus
1100 2063 1239 2100 autem,
1269 2068 1362 2102 quae
1388 2054 1556 2090 abundat
1581 2054 1669 2099 illis,
1697 2054 1806 2091 mites
1831 2055 1908 2091 sint
1927 2062 1965 2091 et
1984 2068 2088 2092 com-

111 2123 137 2152 2„
188 2111 317 2162 positi.
356 2113 485 2160 Atque
511 2112 609 2149 illud
636 2112 762 2161 ipsum
789 2113 960 2162 asyndeti
987 2113 1149 2150 maxime
1178 2126 1259 2151 esse
1286 2113 1482 2161 proprium
1505 2114 1583 2161 jam
1609 2117 1753 2149 veteres
1781 2112 1939 2160 quidam
1967 2114 2091 2163 scrip-

188 2175 293 2209 tores
319 2176 553 2210 notaverunt.
603 2169 668 2208 Sic
694 2174 844 2209 Auctor
871 2172 921 2209 ad
946 2172 1186 2210 Herennium
1213 2173 1250 2219 4,
1277 2172 1323 2209 30
1350 2171 1423 2208 hoc
1449 2171 1621 2219 exemplo
1650 2183 1757 2208 usus:
1787 2171 1919 2219 „Gere
1947 2186 2089 2209 morem

189 2230 359 2278 parenti,
391 2243 482 2279 pare
516 2231 705 2280 cognatis,
745 2231 954 2280 obsequere
989 2232 1138 2279 amicis,
1179 2230 1401 2279 obtempera
1433 2229 1609 2279 legibus“
1643 2230 1738 2267 illud
1773 2244 1895 2280 genus
1931 2231 2024 2268 dicit
2051 2239 2088 2268 et

190 2286 434 2337 acrimoniam
459 2289 599 2326 habere
632 2290 671 2325 in
704 2301 744 2327 se
776 2295 814 2326 et
844 2291 1214 2327 vehementissimum
1248 2302 1327 2327 esse
1361 2294 1398 2325 et
1426 2288 1474 2324 ad
1500 2288 1724 2325 brevitatem
1752 2290 2090 2327 accommodatum.

171 2346 236 2385 ·In
265 2342 426 2394 eandem
456 2348 536 2386 fere
569 2350 797 2387 sententiam
822 2350 966 2398 Aquila
993 2349 1189 2387 Romanus
1221 2351 1255 2398 ξ.
1288 2350 1334 2385 41
1370 2347 1445 2397 (ed.
1473 2347 1590 2384 Halm
1617 2348 1656 2384 in
1682 2348 1914 2387 Rhetoribus
1940 2348 2089 2386 Latinis

189 2405 437 2456 minoribus):
475 2406 586 2445 Facit
622 2413 749 2445 autem
787 2408 910 2458 figura
949 2408 1044 2445 haec
1076 2413 1113 2444 et
1144 2407 1193 2445 ad
1227 2407 1457 2445 celeritatem
1490 2413 1528 2443 et
1562 2407 1611 2443 ad
1643 2408 1718 2444 vim
1753 2407 1896 2445 doloris
1923 2407 2089 2456 aliquam

190 2463 499 2515 significandam,
532 2466 572 2503 in
605 2479 683 2515 qua
714 2466 938 2517 plerumque
967 2479 1052 2504 cum
1086 2467 1265 2504 commoti
1298 2479 1429 2504 sumus
1463 2466 1536 2503 hoc
1562 2466 1676 2503 modo
1704 2466 1873 2504 incidere
1900 2466 2087 2504 solemus⁷.

178 2524 245 2561 >Et
277 2524 465 2572 copiosius
497 2526 725 2564 Plutarchus
756 2527 987 2564 Πλατωνικα
1019 2527 1210 2572 ζητήματα
1243 2527 1301 2572 Χ,
1341 2532 1381 2572 4,
1421 2527 1488 2572 qui
1516 2527 1729 2563 orationem
1756 2526 2086 2574 conjunctionibus

1849 2596 1895 2633 1*
