<?xml version="1.0" encoding="UTF-8"?>
<!DOCTYPE html PUBLIC "-//W3C//DTD XHTML 1.0 Transitional//EN"
    "http://www.w3.org/TR/xhtml1/DTD/xhtml1-transitional.dtd">
<html xmlns="http://www.w3.org/1999/xhtml" xml:lang="en" lang="en">
 <head>
  <title>
</title>
<meta http-equiv="Content-Type" content="text/html;charset=utf-8" />
  <meta name='ocr-system' content='tesseract 3.04.00' />
  <meta name='ocr-capabilities' content='ocr_page ocr_carea ocr_par ocr_line ocrx_word'/>
</head>
<body>
  <div class='ocr_page' id='page_1' title='image "4774691_0021.png"; bbox 0 0 2530 3125; ppageno 0'>
   <div class='ocr_carea' id='block_1_1' title="bbox 0 490 2530 3125">
    <p class='ocr_par' dir='ltr' id='par_1_1' title="bbox 0 490 2530 3125">
     <span class='ocr_line' id='line_1_1' title="bbox 0 490 2530 669; baseline 0 0"><span class='ocrx_word' id='word_1_1' title='bbox 0 490 123 669; x_wconf 95' lang='lat' dir='ltr'><strong><em>   </em></strong></span> <span class='ocrx_word' id='word_1_2' title='bbox 2351 553 2530 669; x_wconf 95' lang='lat' dir='ltr'><strong><em>  </em></strong></span> 
     </span>
     <span class='ocr_line' id='line_1_2' title="bbox 0 669 2530 727; baseline 0 0"><span class='ocrx_word' id='word_1_3' title='bbox 0 669 123 727; x_wconf 95' lang='lat' dir='ltr'><strong><em> </em></strong></span> <span class='ocrx_word' id='word_1_4' title='bbox 2415 669 2530 727; x_wconf 95' lang='lat' dir='ltr'><strong><em> </em></strong></span> 
     </span>
     <span class='ocr_line' id='line_1_3' title="bbox 0 727 2530 913; baseline 0 -71"><span class='ocrx_word' id='word_1_5' title='bbox 0 727 123 913; x_wconf 95' lang='lat' dir='ltr'><strong><em>    </em></strong></span> <span class='ocrx_word' id='word_1_6' title='bbox 2415 727 2530 844; x_wconf 95' lang='lat' dir='ltr'><strong><em>   </em></strong></span> 
     </span>
     <span class='ocr_line' id='line_1_4' title="bbox 0 964 2530 1079; baseline 0 0"><span class='ocrx_word' id='word_1_7' title='bbox 0 964 84 1079; x_wconf 95' lang='lat' dir='ltr'><strong><em>  </em></strong></span> <span class='ocrx_word' id='word_1_8' title='bbox 2464 964 2530 1079; x_wconf 95' lang='lat' dir='ltr'><strong><em>  </em></strong></span> 
     </span>
     <span class='ocr_line' id='line_1_5' title="bbox 0 1079 2530 3125; baseline 0 -1932"><span class='ocrx_word' id='word_1_9' title='bbox 0 1079 84 3125; x_wconf 95' lang='lat' dir='ltr'><strong><em>    </em></strong></span> <span class='ocrx_word' id='word_1_10' title='bbox 2468 1079 2530 1254; x_wconf 95' lang='lat' dir='ltr'><strong><em>   </em></strong></span> 
     </span>
    </p>
   </div>
   <div class='ocr_carea' id='block_1_2' title="bbox 429 334 2177 458">
    <p class='ocr_par' dir='ltr' id='par_1_2' title="bbox 429 312 2177 458">
     <span class='ocr_line' id='line_1_6' title="bbox 429 334 2090 403; baseline -0.012 -10"><span class='ocrx_word' id='word_1_11' title='bbox 429 369 481 403; x_wconf 84' lang='grc' dir='ltr'><strong><em>μη</em></strong></span> <span class='ocrx_word' id='word_1_12' title='bbox 504 352 725 401; x_wconf 72' lang='grc' dir='ltr'><strong><em>βοηθήσητε</em></strong></span> <span class='ocrx_word' id='word_1_13' title='bbox 752 352 805 398; x_wconf 80' lang='grc' dir='ltr'><strong><em>τῷ</em></strong></span> <span class='ocrx_word' id='word_1_14' title='bbox 830 348 1040 389; x_wconf 72' lang='grc' dir='ltr'><strong><em>πεπονθότι</em></strong></span> <span class='ocrx_word' id='word_1_15' title='bbox 1065 347 1179 388; x_wconf 83' lang='grc' dir='ltr'><strong><em>δεινά·</em></strong></span> <span class='ocrx_word' id='word_1_16' title='bbox 1204 345 1254 392; x_wconf 83' lang='grc' dir='ltr'><strong><em>μὴ</em></strong></span> <span class='ocrx_word' id='word_1_17' title='bbox 1273 344 1469 393; x_wconf 75' lang='grc' dir='ltr'><strong><em>εὐορκεῖτε.</em></strong></span> <span class='ocrx_word' id='word_1_18' title='bbox 1496 342 1584 398; x_wconf 77' lang='grc' dir='ltr'><strong><em>ἡμῖν</em></strong></span> <span class='ocrx_word' id='word_1_19' title='bbox 1601 340 1686 382; x_wconf 77' lang='grc' dir='ltr'><strong><em>δότε</em></strong></span> <span class='ocrx_word' id='word_1_20' title='bbox 1703 336 1901 387; x_wconf 35' lang='grc' dir='ltr'><strong><em>τὴντχάριν</em></strong></span> <span class='ocrx_word' id='word_1_21' title='bbox 1917 334 2090 384; x_wconf 56' lang='lat' dir='ltr'>tacimu—</span> 
     </span>
     <span class='ocr_line' id='line_1_7' title="bbox 430 391 2177 458; baseline -0.013 -4"><span class='ocrx_word' id='word_1_22' title='bbox 430 416 653 456; x_wconf 79' lang='grc' dir='ltr'><strong><em>ἐπίστευσα,</em></strong></span> <span class='ocrx_word' id='word_1_23' title='bbox 678 408 941 458; x_wconf 71' lang='grc' dir='ltr'><strong><em>ἐξηπατήθην,</em></strong></span> <span class='ocrx_word' id='word_1_24' title='bbox 967 405 1145 457; x_wconf 78' lang='grc' dir='ltr'><strong><em>ἥμαρτον.</em></strong></span> <span class='ocrx_word' id='word_1_25' title='bbox 1196 402 1323 452; x_wconf 83' lang='lat' dir='ltr'>XIX,</span> <span class='ocrx_word' id='word_1_26' title='bbox 1350 403 1433 443; x_wconf 86' lang='lat'><strong>103.</strong></span> <span class='ocrx_word' id='word_1_27' title='bbox 1462 401 1557 449; x_wconf 80' lang='grc' dir='ltr'><strong><em>ὑμᾶς</em></strong></span> <span class='ocrx_word' id='word_1_28' title='bbox 1581 398 1825 446; x_wconf 72' lang='grc' dir='ltr'><strong><em>ἐξηπάτηκεν,</em></strong></span> <span class='ocrx_word' id='word_1_29' title='bbox 1852 393 2000 441; x_wconf 75' lang='grc' dir='ltr'><strong><em>ἀδοξεῖ,</em></strong></span> <span class='ocrx_word' id='word_1_30' title='bbox 2023 391 2177 447; x_wconf 58' lang='lat' dir='ltr'><strong><em>BQ</em></strong></span> 
     </span>
    </p>
   </div>
   <div class='ocr_carea' id='block_1_3' title="bbox 0 0 2530 490">
    <p class='ocr_par' dir='ltr' id='par_1_3' title="bbox 0 0 2530 490">
     <span class='ocr_line' id='line_1_8' title="bbox 0 0 2530 490; baseline 0 -34"><span class='ocrx_word' id='word_1_31' title='bbox 0 0 2530 490; x_wconf 95' lang='lat' dir='ltr'><strong><em>   </em></strong></span> 
     </span>
    </p>
   </div>
   <div class='ocr_carea' id='block_1_4' title="bbox 2082 243 2530 456">
    <p class='ocr_par' dir='ltr' id='par_1_4' title="bbox 2082 243 2530 456">
     <span class='ocr_line' id='line_1_9' title="bbox 2082 243 2530 456; baseline 0 0"><span class='ocrx_word' id='word_1_32' title='bbox 2082 243 2530 456; x_wconf 95' lang='lat' dir='ltr'><strong><em>  </em></strong></span> 
     </span>
    </p>
   </div>
   <div class='ocr_carea' id='block_1_5' title="bbox 2176 456 2530 484">
    <p class='ocr_par' dir='ltr' id='par_1_5' title="bbox 2176 456 2530 484">
     <span class='ocr_line' id='line_1_10' title="bbox 2176 456 2530 484; baseline 0 2641"><span class='ocrx_word' id='word_1_33' title='bbox 2176 456 2530 484; x_wconf 95' lang='lat' dir='ltr'><strong><em> </em></strong></span> 
     </span>
    </p>
   </div>
   <div class='ocr_carea' id='block_1_6' title="bbox 430 428 2357 581">
    <p class='ocr_par' dir='ltr' id='par_1_6' title="bbox 430 426 2359 581">
     <span class='ocr_line' id='line_1_11' title="bbox 430 428 2357 521; baseline -0.011 -12"><span class='ocrx_word' id='word_1_34' title='bbox 430 471 538 512; x_wconf 75' lang='grc' dir='ltr'><strong><em>λέναι</em></strong></span> <span class='ocrx_word' id='word_1_35' title='bbox 562 475 740 521; x_wconf 75' lang='grc' dir='ltr'><strong><em>κρίνεται.</em></strong></span> <span class='ocrx_word' id='word_1_36' title='bbox 774 465 914 514; x_wconf 63' lang='lat' dir='ltr'><strong><em>&gt;XIX,</em></strong></span> <span class='ocrx_word' id='word_1_37' title='bbox 940 465 1025 502; x_wconf 78' lang='lat'><strong>231.</strong></span> <span class='ocrx_word' id='word_1_38' title='bbox 1059 464 1406 513; x_wconf 76' lang='grc' dir='ltr'><strong><em>ἐμβεβροντῆσθαι,</em></strong></span> <span class='ocrx_word' id='word_1_39' title='bbox 1432 461 1499 506; x_wconf 87' lang='grc' dir='ltr'><strong><em>τὴν</em></strong></span> <span class='ocrx_word' id='word_1_40' title='bbox 1526 458 1635 498; x_wconf 79' lang='grc' dir='ltr'><strong><em>πόλιν</em></strong></span> <span class='ocrx_word' id='word_1_41' title='bbox 1660 458 1825 504; x_wconf 83' lang='grc' dir='ltr'><strong><em>ἀγνοεῖν,</em></strong></span> <span class='ocrx_word' id='word_1_42' title='bbox 1851 455 1922 492; x_wconf 77' lang='grc' dir='ltr'><strong><em>οὐκ</em></strong></span> <span class='ocrx_word' id='word_1_43' title='bbox 1946 457 2045 500; x_wconf 76' lang='grc' dir='ltr'><strong><em>ἔχειν</em></strong></span> <span class='ocrx_word' id='word_1_44' title='bbox 2070 441 2157 494; x_wconf 73' lang='grc' dir='ltr'><strong><em>ὅποι</em></strong></span> <span class='ocrx_word' id='word_1_45' title='bbox 2181 465 2205 489; x_wconf 76' lang='grc' dir='ltr'><strong><em>ι·</em></strong></span> <span class='ocrx_word' id='word_1_46' title='bbox 2234 428 2357 495; x_wconf 55' lang='lat' dir='ltr'><strong><em>dmg</em></strong></span> 
     </span>
     <span class='ocr_line' id='line_1_12' title="bbox 432 510 2322 581; baseline -0.012 -10"><span class='ocrx_word' id='word_1_47' title='bbox 432 536 502 572; x_wconf 82' lang='grc' dir='ltr'><strong><em>τοῦ</em></strong></span> <span class='ocrx_word' id='word_1_48' title='bbox 528 535 650 581; x_wconf 77' lang='grc' dir='ltr'><strong><em>ῥίπτῃ.</em></strong></span> <span class='ocrx_word' id='word_1_49' title='bbox 702 525 931 573; x_wconf 88' lang='lat' dir='ltr'>XXXVII,</span> <span class='ocrx_word' id='word_1_50' title='bbox 960 525 1018 561; x_wconf 89' lang='lat'><strong><em>14.</em></strong></span> <span class='ocrx_word' id='word_1_51' title='bbox 1056 522 1235 565; x_wconf 81' lang='grc' dir='ltr'><strong><em>ἱκέτευεν,</em></strong></span> <span class='ocrx_word' id='word_1_52' title='bbox 1266 522 1403 564; x_wconf 81' lang='grc' dir='ltr'><strong><em>ἐδεῖτο,</em></strong></span> <span class='ocrx_word' id='word_1_53' title='bbox 1436 519 1620 568; x_wconf 73' lang='grc' dir='ltr'><strong><em>ἠντιβόλει</em></strong></span> <span class='ocrx_word' id='word_1_54' title='bbox 1646 515 1786 563; x_wconf 85' lang='lat' dir='ltr'>XXV,</span> <span class='ocrx_word' id='word_1_55' title='bbox 1812 514 1872 554; x_wconf 84' lang='grc'><strong><em>95.</em></strong></span> <span class='ocrx_word' id='word_1_56' title='bbox 1904 514 1965 551; x_wconf 81' lang='grc' dir='ltr'><strong><em>δεῖ</em></strong></span> <span class='ocrx_word' id='word_1_57' title='bbox 1984 511 2035 563; x_wconf 22' lang='grc' dir='ltr'><strong><em>δὴ,</em></strong></span> <span class='ocrx_word' id='word_1_58' title='bbox 2054 510 2276 561; x_wconf 55' lang='grc' dir='ltr'><strong><em>πὰρῐᾱςῇ.-’.</em></strong></span> <span class='ocrx_word' id='word_1_59' title='bbox 2319 520 2322 522; x_wconf 87' lang='grc'><em>“</em></span> 
     </span>
    </p>
   </div>
   <div class='ocr_carea' id='block_1_7' title="bbox 2208 490 2530 553">
    <p class='ocr_par' dir='ltr' id='par_1_7' title="bbox 2208 490 2530 553">
     <span class='ocr_line' id='line_1_13' title="bbox 2208 490 2530 553; baseline 0 0"><span class='ocrx_word' id='word_1_60' title='bbox 2208 490 2530 553; x_wconf 95' lang='lat' dir='ltr'><strong><em>  </em></strong></span> 
     </span>
    </p>
   </div>
   <div class='ocr_carea' id='block_1_8' title="bbox 432 560 2417 878">
    <p class='ocr_par' dir='ltr' id='par_1_8' title="bbox 432 560 2477 878">
     <span class='ocr_line' id='line_1_14' title="bbox 432 560 2351 638; baseline -0.013 -7"><span class='ocrx_word' id='word_1_61' title='bbox 432 595 548 632; x_wconf 76' lang='grc' dir='ltr'><strong><em>τοῦτο</em></strong></span> <span class='ocrx_word' id='word_1_62' title='bbox 585 590 630 627; x_wconf 88' lang='grc' dir='ltr'><strong><em>τὸ</em></strong></span> <span class='ocrx_word' id='word_1_63' title='bbox 668 590 811 638; x_wconf 79' lang='grc' dir='ltr'><strong><em>θηρίον</em></strong></span> <span class='ocrx_word' id='word_1_64' title='bbox 849 585 944 633; x_wconf 82' lang='grc' dir='ltr'><strong><em>ὑμᾶς</em></strong></span> <span class='ocrx_word' id='word_1_65' title='bbox 976 583 1162 633; x_wconf 77' lang='grc' dir='ltr'><strong><em>ἐξορίσαι,</em></strong></span> <span class='ocrx_word' id='word_1_66' title='bbox 1195 584 1311 630; x_wconf 79' lang='grc' dir='ltr'><strong><em>ῥῖψαι</em></strong></span> <span class='ocrx_word' id='word_1_67' title='bbox 1338 584 1379 617; x_wconf 89' lang='grc' dir='ltr'><strong><em>ἐκ</em></strong></span> <span class='ocrx_word' id='word_1_68' title='bbox 1404 581 1469 624; x_wconf 87' lang='grc' dir='ltr'><strong><em>τῆς</em></strong></span> <span class='ocrx_word' id='word_1_69' title='bbox 1495 579 1645 621; x_wconf 87' lang='grc' dir='ltr'><strong><em>πόλεως,</em></strong></span> <span class='ocrx_word' id='word_1_70' title='bbox 1672 575 1827 614; x_wconf 80' lang='grc' dir='ltr'><strong><em>ἀνελεῖν.</em></strong></span> <span class='ocrx_word' id='word_1_71' title='bbox 1877 570 2019 619; x_wconf 85' lang='lat' dir='ltr'>XXV,</span> <span class='ocrx_word' id='word_1_72' title='bbox 2044 570 2104 610; x_wconf 85' lang='lat'><strong><em>80.</em></strong></span> <span class='ocrx_word' id='word_1_73' title='bbox 2142 560 2351 616; x_wconf 53' lang='grc' dir='ltr'><strong><em>οὖτοςὼ</em></strong></span> 
     </span>
     <span class='ocr_line' id='line_1_15' title="bbox 434 630 2416 695; baseline -0.013 -5"><span class='ocrx_word' id='word_1_74' title='bbox 434 651 553 691; x_wconf 82' lang='grc' dir='ltr'><strong><em>αὑτὸν</em></strong></span> <span class='ocrx_word' id='word_1_75' title='bbox 579 648 813 695; x_wconf 75' lang='grc' dir='ltr'><strong><em>ἐξαιτήσεται</em></strong></span> <span class='ocrx_word' id='word_1_76' title='bbox 840 644 861 682; x_wconf 87' lang='grc' dir='ltr'>ὁ</span> <span class='ocrx_word' id='word_1_77' title='bbox 887 642 1102 694; x_wconf 74' lang='grc' dir='ltr'><strong><em>φαρμακός,</em></strong></span> <span class='ocrx_word' id='word_1_78' title='bbox 1130 641 1150 678; x_wconf 87' lang='grc' dir='ltr'><strong>ὁ</strong></span> <span class='ocrx_word' id='word_1_79' title='bbox 1177 641 1318 687; x_wconf 87' lang='grc' dir='ltr'><strong><em>λοιμὸς,</em></strong></span> <span class='ocrx_word' id='word_1_80' title='bbox 1346 640 1388 677; x_wconf 84' lang='grc' dir='ltr'><strong><em>ὃν</em></strong></span> <span class='ocrx_word' id='word_1_81' title='bbox 1416 640 1620 675; x_wconf 82' lang='grc' dir='ltr'><strong><em>οὶωνίσαιτ’</em></strong></span> <span class='ocrx_word' id='word_1_82' title='bbox 1647 635 1696 674; x_wconf 85' lang='grc' dir='ltr'><strong><em>ἀν</em></strong></span> <span class='ocrx_word' id='word_1_83' title='bbox 1722 650 1777 678; x_wconf 89' lang='grc' dir='ltr'><strong><em>τις</em></strong></span> <span class='ocrx_word' id='word_1_84' title='bbox 1802 635 1947 681; x_wconf 78' lang='grc' dir='ltr'><strong><em>μᾶλλον</em></strong></span> <span class='ocrx_word' id='word_1_85' title='bbox 1972 630 2061 669; x_wconf 75' lang='grc' dir='ltr'><strong><em>ἰδών</em></strong></span> <span class='ocrx_word' id='word_1_86' title='bbox 2080 632 2108 676; x_wconf 72' lang='grc' dir='ltr'><em>ἢ</em></span> <span class='ocrx_word' id='word_1_87' title='bbox 2134 631 2356 678; x_wconf 54' lang='lat' dir='ltr'>nouom</span> <span class='ocrx_word' id='word_1_88' title='bbox 2409 668 2416 676; x_wconf 38' lang='grc' dir='ltr'><strong><em>Τ</em></strong></span> 
     </span>
     <span class='ocr_line' id='line_1_16' title="bbox 433 684 2377 761; baseline -0.007 -13"><span class='ocrx_word' id='word_1_89' title='bbox 433 710 627 761; x_wconf 79' lang='grc' dir='ltr'><strong><em>βούλοιτο,</em></strong></span> <span class='ocrx_word' id='word_1_90' title='bbox 654 707 694 750; x_wconf 85' lang='grc' dir='ltr'><strong><em>ὃς</em></strong></span> <span class='ocrx_word' id='word_1_91' title='bbox 720 704 836 748; x_wconf 81' lang='grc' dir='ltr'><strong><em>αὐτὸς</em></strong></span> <span class='ocrx_word' id='word_1_92' title='bbox 861 705 965 750; x_wconf 80' lang='grc' dir='ltr'><strong><em>αυτῷ</em></strong></span> <span class='ocrx_word' id='word_1_93' title='bbox 985 703 1165 741; x_wconf 82' lang='grc' dir='ltr'><strong><em>θανάτου</em></strong></span> <span class='ocrx_word' id='word_1_94' title='bbox 1183 703 1383 746; x_wconf 79' lang='grc' dir='ltr'><strong><em>τετίμηκεν.</em></strong></span> <span class='ocrx_word' id='word_1_95' title='bbox 1417 695 1708 744; x_wconf 75' lang='grc' dir='ltr'><strong><em>ΧΧΧῙΧ,,34.</em></strong></span> <span class='ocrx_word' id='word_1_96' title='bbox 1733 689 1984 741; x_wconf 64' lang='grc' dir='ltr'><strong><em>ἐπιβουλεύῃς,</em></strong></span> <span class='ocrx_word' id='word_1_97' title='bbox 2009 688 2152 739; x_wconf 77' lang='grc' dir='ltr'><strong><em>δικάζῃ,</em></strong></span> <span class='ocrx_word' id='word_1_98' title='bbox 2178 684 2377 739; x_wconf 62' lang='grc' dir='ltr'><strong><em>φθωῇῢ,-</em></strong></span> 
     </span>
     <span class='ocr_line' id='line_1_17' title="bbox 433 745 2417 819; baseline -0.014 -11"><span class='ocrx_word' id='word_1_99' title='bbox 433 768 674 819; x_wconf 71' lang='grc' dir='ltr'><strong><em>βλασφημῇς.</em></strong></span> <span class='ocrx_word' id='word_1_100' title='bbox 725 762 851 810; x_wconf 89' lang='lat' dir='ltr'>XXI,</span> <span class='ocrx_word' id='word_1_101' title='bbox 891 761 977 800; x_wconf 75' lang='lat'><strong>200.</strong></span> <span class='ocrx_word' id='word_1_102' title='bbox 1017 760 1126 809; x_wconf 87' lang='grc' dir='ltr'><strong><em>λέγει,</em></strong></span> <span class='ocrx_word' id='word_1_103' title='bbox 1168 760 1412 806; x_wconf 80' lang='grc' dir='ltr'><strong><em>λοιδορεῖται,</em></strong></span> <span class='ocrx_word' id='word_1_104' title='bbox 1457 757 1553 804; x_wconf 80' lang='grc' dir='ltr'><strong><em>βοᾷ,</em></strong></span> <span class='ocrx_word' id='word_1_105' title='bbox 1591 754 1734 803; x_wconf 84' lang='lat' dir='ltr'>quibus</span> <span class='ocrx_word' id='word_1_106' title='bbox 1772 750 1899 789; x_wconf 78' lang='lat' dir='ltr'>verbis</span> <span class='ocrx_word' id='word_1_107' title='bbox 1936 749 2049 788; x_wconf 78' lang='lat' dir='ltr'>simul</span> <span class='ocrx_word' id='word_1_108' title='bbox 2087 745 2375 798; x_wconf 63' lang='lat' dir='ltr'>gradationem</span> <span class='ocrx_word' id='word_1_109' title='bbox 2406 782 2417 788; x_wconf 62' lang='lat'>„</span> 
     </span>
     <span class='ocr_line' id='line_1_18' title="bbox 436 803 2353 878; baseline -0.013 -12"><span class='ocrx_word' id='word_1_110' title='bbox 436 825 633 878; x_wconf 83' lang='lat' dir='ltr'>quandam</span> <span class='ocrx_word' id='word_1_111' title='bbox 658 824 783 862; x_wconf 85' lang='lat' dir='ltr'>inesse</span> <span class='ocrx_word' id='word_1_112' title='bbox 809 826 983 872; x_wconf 79' lang='lat' dir='ltr'>apertum</span> <span class='ocrx_word' id='word_1_113' title='bbox 1010 825 1081 869; x_wconf 86' lang='lat' dir='ltr'>est,</span> <span class='ocrx_word' id='word_1_114' title='bbox 1108 818 1287 869; x_wconf 87' lang='lat' dir='ltr'>quoniam</span> <span class='ocrx_word' id='word_1_115' title='bbox 1306 830 1328 854; x_wconf 86' lang='lat' dir='ltr'>a</span> <span class='ocrx_word' id='word_1_116' title='bbox 1344 816 1486 855; x_wconf 84' lang='lat' dir='ltr'>leniore</span> <span class='ocrx_word' id='word_1_117' title='bbox 1503 814 1660 852; x_wconf 84' lang='lat' dir='ltr'>notione</span> <span class='ocrx_word' id='word_1_118' title='bbox 1677 810 1902 863; x_wconf 80' lang='lat' dir='ltr'>proceditur</span> <span class='ocrx_word' id='word_1_119' title='bbox 1919 808 1970 848; x_wconf 84' lang='lat' dir='ltr'>ad</span> <span class='ocrx_word' id='word_1_120' title='bbox 1987 807 2194 859; x_wconf 79' lang='lat' dir='ltr'>graviores.</span> <span class='ocrx_word' id='word_1_121' title='bbox 2238 803 2353 855; x_wconf 69' lang='lat' dir='ltr'>Idem</span> 
     </span>
    </p>
   </div>
   <div class='ocr_carea' id='block_1_9' title="bbox 433 864 2352 993">
    <p class='ocr_par' dir='ltr' id='par_1_9' title="bbox 433 864 2352 993">
     <span class='ocr_line' id='line_1_19' title="bbox 435 864 2351 931; baseline -0.014 -5"><span class='ocrx_word' id='word_1_122' title='bbox 435 892 564 927; x_wconf 78' lang='lat' dir='ltr'>autem</span> <span class='ocrx_word' id='word_1_123' title='bbox 590 885 639 923; x_wconf 90' lang='lat' dir='ltr'><strong><em>de</em></strong></span> <span class='ocrx_word' id='word_1_124' title='bbox 665 883 750 922; x_wconf 81' lang='lat' dir='ltr'>aliis</span> <span class='ocrx_word' id='word_1_125' title='bbox 776 893 932 931; x_wconf 88' lang='lat' dir='ltr'>quoque</span> <span class='ocrx_word' id='word_1_126' title='bbox 959 881 1053 919; x_wconf 88' lang='lat' dir='ltr'>locis</span> <span class='ocrx_word' id='word_1_127' title='bbox 1080 878 1285 917; x_wconf 87' lang='lat' dir='ltr'>dicendum</span> <span class='ocrx_word' id='word_1_128' title='bbox 1311 882 1379 914; x_wconf 87' lang='lat' dir='ltr'>est.</span> <span class='ocrx_word' id='word_1_129' title='bbox 1429 874 1549 923; x_wconf 89' lang='lat' dir='ltr'>XXI,</span> <span class='ocrx_word' id='word_1_130' title='bbox 1577 874 1638 910; x_wconf 83' lang='lat'><strong><em>59.</em></strong></span> <span class='ocrx_word' id='word_1_131' title='bbox 1675 872 1861 917; x_wconf 82' lang='grc' dir='ltr'><strong><em>ὤκνησαν,</em></strong></span> <span class='ocrx_word' id='word_1_132' title='bbox 1887 873 2034 915; x_wconf 74' lang='grc' dir='ltr'><strong><em>εἴασαν,</em></strong></span> <span class='ocrx_word' id='word_1_133' title='bbox 2060 867 2181 910; x_wconf 77' lang='grc' dir='ltr'><strong><em>οὐδεὶς</em></strong></span> <span class='ocrx_word' id='word_1_134' title='bbox 2205 864 2351 914; x_wconf 62' lang='grc' dir='ltr'><strong><em>ἥψατο.</em></strong></span> 
     </span>
     <span class='ocr_line' id='line_1_20' title="bbox 433 922 2352 993; baseline -0.013 -11"><span class='ocrx_word' id='word_1_135' title='bbox 433 944 557 993; x_wconf 88' lang='lat' dir='ltr'>XXI,</span> <span class='ocrx_word' id='word_1_136' title='bbox 597 943 680 980; x_wconf 70' lang='lat'>135,</span> <span class='ocrx_word' id='word_1_137' title='bbox 720 942 768 978; x_wconf 83' lang='grc' dir='ltr'><strong><em>συ</em></strong></span> <span class='ocrx_word' id='word_1_138' title='bbox 801 943 834 977; x_wconf 82' lang='grc' dir='ltr'><strong><em>δ’</em></strong></span> <span class='ocrx_word' id='word_1_139' title='bbox 868 940 1031 982; x_wconf 77' lang='grc' dir='ltr'><strong><em>ἀπειλεῖς</em></strong></span> <span class='ocrx_word' id='word_1_140' title='bbox 1062 940 1196 981; x_wconf 80' lang='grc' dir='ltr'><strong><em>πᾶσιν,</em></strong></span> <span class='ocrx_word' id='word_1_141' title='bbox 1235 938 1397 977; x_wconf 77' lang='grc' dir='ltr'><strong><em>ἐλαύνεις</em></strong></span> <span class='ocrx_word' id='word_1_142' title='bbox 1429 934 1583 975; x_wconf 80' lang='grc' dir='ltr'><strong><em>πάντας·</em></strong></span> <span class='ocrx_word' id='word_1_143' title='bbox 1617 932 1705 974; x_wconf 83' lang='grc' dir='ltr'><strong><em>τοὺς</em></strong></span> <span class='ocrx_word' id='word_1_144' title='bbox 1732 931 1871 970; x_wconf 83' lang='grc' dir='ltr'><strong><em>ἀλλους</em></strong></span> <span class='ocrx_word' id='word_1_145' title='bbox 1896 928 2016 971; x_wconf 77' lang='grc' dir='ltr'><strong><em>ἀξιοῖς</em></strong></span> <span class='ocrx_word' id='word_1_146' title='bbox 2041 925 2062 960; x_wconf 85' lang='grc' dir='ltr'><strong>ὅ</strong></span> <span class='ocrx_word' id='word_1_147' title='bbox 2089 939 2125 960; x_wconf 89' lang='grc' dir='ltr'><strong><em>τι</em></strong></span> <span class='ocrx_word' id='word_1_148' title='bbox 2151 924 2197 959; x_wconf 84' lang='grc' dir='ltr'><strong><em>οὑ</em></strong></span> <span class='ocrx_word' id='word_1_149' title='bbox 2220 922 2352 970; x_wconf 59' lang='lat' dir='ltr'>stoi-hc</span> 
     </span>
    </p>
   </div>
   <div class='ocr_carea' id='block_1_10' title="bbox 435 976 2376 1045">
    <p class='ocr_par' dir='ltr' id='par_1_10' title="bbox 435 976 2376 1045">
     <span class='ocr_line' id='line_1_21' title="bbox 435 976 2376 1045; baseline -0.012 -3"><span class='ocrx_word' id='word_1_150' title='bbox 435 1010 601 1045; x_wconf 75' lang='grc' dir='ltr'><strong><em>σκοπεῖν,</em></strong></span> <span class='ocrx_word' id='word_1_151' title='bbox 629 1001 698 1039; x_wconf 80' lang='grc' dir='ltr'><strong><em>οὐκ</em></strong></span> <span class='ocrx_word' id='word_1_152' title='bbox 724 1000 839 1042; x_wconf 83' lang='grc' dir='ltr'><strong><em>αὐτὸς</em></strong></span> <span class='ocrx_word' id='word_1_153' title='bbox 865 1005 1017 1040; x_wconf 85' lang='grc' dir='ltr'><strong><em>σκοπεῖς</em></strong></span> <span class='ocrx_word' id='word_1_154' title='bbox 1043 996 1063 1034; x_wconf 87' lang='grc' dir='ltr'><strong>ὅ</strong></span> <span class='ocrx_word' id='word_1_155' title='bbox 1091 1012 1125 1033; x_wconf 89' lang='grc' dir='ltr'><strong><em>τι</em></strong></span> <span class='ocrx_word' id='word_1_156' title='bbox 1151 996 1201 1041; x_wconf 81' lang='grc' dir='ltr'><strong><em>μὴ</em></strong></span> <span class='ocrx_word' id='word_1_157' title='bbox 1229 994 1399 1038; x_wconf 80' lang='grc' dir='ltr'><strong><em>λυπήσεις</em></strong></span> <span class='ocrx_word' id='word_1_158' title='bbox 1425 993 1512 1035; x_wconf 80' lang='grc' dir='ltr'><strong><em>τους</em></strong></span> <span class='ocrx_word' id='word_1_159' title='bbox 1539 992 1676 1032; x_wconf 82' lang='grc' dir='ltr'><strong><em>ἀλλους</em></strong></span> <span class='ocrx_word' id='word_1_160' title='bbox 1702 990 1829 1026; x_wconf 84' lang='grc' dir='ltr'><strong><em>ποιῶν.</em></strong></span> <span class='ocrx_word' id='word_1_161' title='bbox 1877 983 2076 1031; x_wconf 86' lang='lat' dir='ltr'>XXXVI,</span> <span class='ocrx_word' id='word_1_162' title='bbox 2101 983 2161 1021; x_wconf 77' lang='lat'><strong><em>52.</em></strong></span> <span class='ocrx_word' id='word_1_163' title='bbox 2192 976 2376 1023; x_wconf 53' lang='grc' dir='ltr'><strong><em>ἑλιτὺνᾰζ,</em></strong></span> 
     </span>
    </p>
   </div>
   <div class='ocr_carea' id='block_1_11' title="bbox 437 1039 2367 1165">
    <p class='ocr_par' dir='ltr' id='par_1_11' title="bbox 437 1039 2367 1165">
     <span class='ocr_line' id='line_1_22' title="bbox 438 1039 2367 1112; baseline -0.013 -12"><span class='ocrx_word' id='word_1_164' title='bbox 438 1065 704 1112; x_wconf 74' lang='grc' dir='ltr'><strong><em>συκοφαντεῖς,</em></strong></span> <span class='ocrx_word' id='word_1_165' title='bbox 731 1058 885 1100; x_wconf 78' lang='grc' dir='ltr'><strong><em>διώκεις.</em></strong></span> <span class='ocrx_word' id='word_1_166' title='bbox 937 1053 1075 1102; x_wconf 89' lang='lat' dir='ltr'>XXV,</span> <span class='ocrx_word' id='word_1_167' title='bbox 1103 1055 1162 1092; x_wconf 91' lang='grc'><strong><em>49.</em></strong></span> <span class='ocrx_word' id='word_1_168' title='bbox 1188 1055 1302 1101; x_wconf 87' lang='grc' dir='ltr'><strong><em>βοῶν,</em></strong></span> <span class='ocrx_word' id='word_1_169' title='bbox 1327 1052 1591 1099; x_wconf 74' lang='grc' dir='ltr'><strong><em>συκοφαντῶν,</em></strong></span> <span class='ocrx_word' id='word_1_170' title='bbox 1618 1048 1779 1084; x_wconf 81' lang='grc' dir='ltr'><strong><em>ἀπειλῶν</em></strong></span> <span class='ocrx_word' id='word_1_171' title='bbox 1806 1044 1876 1080; x_wconf 83' lang='grc' dir='ltr'><strong><em>οὐκ</em></strong></span> <span class='ocrx_word' id='word_1_172' title='bbox 1901 1043 2069 1080; x_wconf 78' lang='grc' dir='ltr'><strong><em>ἐπαύετο.</em></strong></span> <span class='ocrx_word' id='word_1_173' title='bbox 2120 1039 2240 1088; x_wconf 80' lang='lat' dir='ltr'>XIX,</span> <span class='ocrx_word' id='word_1_174' title='bbox 2266 1040 2367 1080; x_wconf 58' lang='lat'><strong><em>293„</em></strong></span> 
     </span>
     <span class='ocr_line' id='line_1_23' title="bbox 437 1099 2360 1165; baseline -0.013 -6"><span class='ocrx_word' id='word_1_175' title='bbox 437 1122 525 1165; x_wconf 83' lang='grc' dir='ltr'><strong><em>τοὺς</em></strong></span> <span class='ocrx_word' id='word_1_176' title='bbox 550 1122 589 1157; x_wconf 78' lang='grc' dir='ltr'><strong><em>δὲ</em></strong></span> <span class='ocrx_word' id='word_1_177' title='bbox 614 1122 785 1163; x_wconf 79' lang='grc' dir='ltr'><strong><em>ἔχοντας,</em></strong></span> <span class='ocrx_word' id='word_1_178' title='bbox 812 1116 1105 1163; x_wconf 84' lang='grc' dir='ltr'><strong><em>ὁμολογοῦντας,</em></strong></span> <span class='ocrx_word' id='word_1_179' title='bbox 1132 1109 1436 1159; x_wconf 77' lang='grc' dir='ltr'><strong><em>ἐξελεγχομένους</em></strong></span> <span class='ocrx_word' id='word_1_180' title='bbox 1461 1137 1471 1146; x_wconf 93' lang='grc'><strong><em>.</em></strong></span> <span class='ocrx_word' id='word_1_181' title='bbox 1495 1137 1503 1146; x_wconf 91' lang='grc'><strong><em>.</em></strong></span> <span class='ocrx_word' id='word_1_182' title='bbox 1531 1135 1540 1144; x_wconf 91' lang='grc'><strong><em>.</em></strong></span> <span class='ocrx_word' id='word_1_183' title='bbox 1568 1135 1576 1145; x_wconf 98' lang='grc'><strong><em>.</em></strong></span> <span class='ocrx_word' id='word_1_184' title='bbox 1605 1106 1650 1144; x_wconf 84' lang='grc' dir='ltr'><strong><em>οὐ</em></strong></span> <span class='ocrx_word' id='word_1_185' title='bbox 1673 1108 1817 1155; x_wconf 86' lang='grc' dir='ltr'><strong><em>κρίνεις.</em></strong></span> <span class='ocrx_word' id='word_1_186' title='bbox 1869 1100 1986 1148; x_wconf 86' lang='lat' dir='ltr'>XIX,</span> <span class='ocrx_word' id='word_1_187' title='bbox 2014 1101 2099 1137; x_wconf 84' lang='lat'><strong>295.</strong></span> <span class='ocrx_word' id='word_1_188' title='bbox 2126 1099 2226 1137; x_wconf 83' lang='grc' dir='ltr'><strong><em>ἀλλά</em></strong></span> <span class='ocrx_word' id='word_1_189' title='bbox 2250 1101 2360 1136; x_wconf 74' lang='grc' dir='ltr'><strong><em>ποῖοί</em></strong></span> 
     </span>
    </p>
   </div>
   <div class='ocr_carea' id='block_1_12' title="bbox 437 1158 2418 1222">
    <p class='ocr_par' dir='ltr' id='par_1_12' title="bbox 437 1158 2418 1222">
     <span class='ocr_line' id='line_1_24' title="bbox 437 1158 2418 1222; baseline -0.012 -6"><span class='ocrx_word' id='word_1_190' title='bbox 437 1193 532 1222; x_wconf 88' lang='grc' dir='ltr'><strong><em>τινες</em></strong></span> <span class='ocrx_word' id='word_1_191' title='bbox 563 1181 601 1215; x_wconf 84' lang='grc' dir='ltr'><strong><em>οἱ</em></strong></span> <span class='ocrx_word' id='word_1_192' title='bbox 632 1175 682 1214; x_wconf 78' lang='grc' dir='ltr'><strong><em>τα</em></strong></span> <span class='ocrx_word' id='word_1_193' title='bbox 708 1176 914 1220; x_wconf 84' lang='grc' dir='ltr'><strong><em>τηλικαῦτα</em></strong></span> <span class='ocrx_word' id='word_1_194' title='bbox 939 1175 1004 1208; x_wconf 83' lang='grc' dir='ltr'><strong><em>καὶ</em></strong></span> <span class='ocrx_word' id='word_1_195' title='bbox 1030 1172 1175 1208; x_wconf 81' lang='grc' dir='ltr'><strong><em>τοιαῦτ’</em></strong></span> <span class='ocrx_word' id='word_1_196' title='bbox 1202 1170 1434 1212; x_wconf 84' lang='grc' dir='ltr'><strong><em>ἀδικοῦντες;</em></strong></span> <span class='ocrx_word' id='word_1_197' title='bbox 1469 1170 1505 1203; x_wconf 80' lang='grc' dir='ltr'><strong><em>οἱ</em></strong></span> <span class='ocrx_word' id='word_1_198' title='bbox 1530 1167 1740 1212; x_wconf 69' lang='grc' dir='ltr'><strong><em>νομίζοντες</em></strong></span> <span class='ocrx_word' id='word_1_199' title='bbox 1766 1162 1906 1204; x_wconf 75' lang='grc' dir='ltr'><strong><em>αὐτοὺς</em></strong></span> <span class='ocrx_word' id='word_1_200' title='bbox 1931 1159 2135 1205; x_wconf 70' lang='grc' dir='ltr'><strong><em>ἀξιοχρέοις</em></strong></span> <span class='ocrx_word' id='word_1_201' title='bbox 2160 1158 2257 1194; x_wconf 75' lang='grc' dir='ltr'><strong><em>εἶναι</em></strong></span> <span class='ocrx_word' id='word_1_202' title='bbox 2283 1158 2354 1202; x_wconf 70' lang='grc' dir='ltr'><strong><em>τοῦ</em></strong></span> <span class='ocrx_word' id='word_1_203' title='bbox 2409 1200 2418 1207; x_wconf 34' lang='lat'><em>⁴</em></span> 
     </span>
    </p>
   </div>
   <div class='ocr_carea' id='block_1_13' title="bbox 436 1214 2361 1877">
    <p class='ocr_par' dir='ltr' id='par_1_13' title="bbox 436 1214 2361 1877">
     <span class='ocr_line' id='line_1_25' title="bbox 439 1214 2354 1283; baseline -0.013 -6"><span class='ocrx_word' id='word_1_204' title='bbox 439 1240 628 1277; x_wconf 82' lang='grc' dir='ltr'><strong><em>Φιλίππου</em></strong></span> <span class='ocrx_word' id='word_1_205' title='bbox 653 1234 751 1283; x_wconf 79' lang='grc' dir='ltr'><strong><em>ξένοι</em></strong></span> <span class='ocrx_word' id='word_1_206' title='bbox 775 1237 839 1272; x_wconf 84' lang='grc' dir='ltr'><strong><em>καὶ</em></strong></span> <span class='ocrx_word' id='word_1_207' title='bbox 866 1235 972 1283; x_wconf 84' lang='grc' dir='ltr'><strong><em>φίλοι</em></strong></span> <span class='ocrx_word' id='word_1_208' title='bbox 997 1229 1374 1281; x_wconf 80' lang='grc' dir='ltr'><strong><em>προσαγορεύεσθαι,</em></strong></span> <span class='ocrx_word' id='word_1_209' title='bbox 1403 1232 1439 1265; x_wconf 87' lang='grc' dir='ltr'><strong><em>οἱ</em></strong></span> <span class='ocrx_word' id='word_1_210' title='bbox 1464 1225 1760 1274; x_wconf 79' lang='grc' dir='ltr'><strong><em>στρατηγιῶντες</em></strong></span> <span class='ocrx_word' id='word_1_211' title='bbox 1780 1224 1846 1260; x_wconf 83' lang='grc' dir='ltr'><strong><em>καὶ</em></strong></span> <span class='ocrx_word' id='word_1_212' title='bbox 1869 1219 2102 1271; x_wconf 77' lang='grc' dir='ltr'><strong><em>προστασίας</em></strong></span> <span class='ocrx_word' id='word_1_213' title='bbox 2126 1214 2354 1263; x_wconf 80' lang='grc' dir='ltr'><strong><em>ἀξιούμενοι,</em></strong></span> 
     </span>
     <span class='ocr_line' id='line_1_26' title="bbox 439 1277 2353 1344; baseline -0.013 -9"><span class='ocrx_word' id='word_1_214' title='bbox 439 1303 476 1338; x_wconf 83' lang='grc' dir='ltr'><strong><em>οἰ</em></strong></span> <span class='ocrx_word' id='word_1_215' title='bbox 507 1299 652 1344; x_wconf 81' lang='grc' dir='ltr'><strong><em>μείζους</em></strong></span> <span class='ocrx_word' id='word_1_216' title='bbox 680 1297 754 1331; x_wconf 88' lang='grc' dir='ltr'><strong><em>τῶν</em></strong></span> <span class='ocrx_word' id='word_1_217' title='bbox 781 1294 928 1330; x_wconf 79' lang='grc' dir='ltr'><strong><em>πολλῶν</em></strong></span> <span class='ocrx_word' id='word_1_218' title='bbox 955 1292 1119 1337; x_wconf 78' lang='grc' dir='ltr'><strong><em>οἰόμενοι</em></strong></span> <span class='ocrx_word' id='word_1_219' title='bbox 1146 1291 1222 1326; x_wconf 84' lang='grc' dir='ltr'><strong><em>δεῖν</em></strong></span> <span class='ocrx_word' id='word_1_220' title='bbox 1248 1288 1353 1325; x_wconf 77' lang='grc' dir='ltr'><strong><em>εἶναι.</em></strong></span> <span class='ocrx_word' id='word_1_221' title='bbox 1404 1285 1532 1333; x_wconf 85' lang='lat' dir='ltr'>XXV,</span> <span class='ocrx_word' id='word_1_222' title='bbox 1559 1285 1619 1323; x_wconf 84' lang='lat'><strong><em>25.</em></strong></span> <span class='ocrx_word' id='word_1_223' title='bbox 1651 1281 1801 1319; x_wconf 79' lang='grc' dir='ltr'><strong><em>λέλυται</em></strong></span> <span class='ocrx_word' id='word_1_224' title='bbox 1823 1280 1968 1321; x_wconf 80' lang='grc' dir='ltr'><strong><em>πάντα,</em></strong></span> <span class='ocrx_word' id='word_1_225' title='bbox 1993 1277 2194 1325; x_wconf 74' lang='grc' dir='ltr'><strong><em>ἀνέῳκται,</em></strong></span> <span class='ocrx_word' id='word_1_226' title='bbox 2218 1279 2353 1322; x_wconf 77' lang='grc' dir='ltr'><strong><em>συγκέ-</em></strong></span> 
     </span>
     <span class='ocr_line' id='line_1_27' title="bbox 436 1336 2354 1402; baseline -0.012 -8"><span class='ocrx_word' id='word_1_227' title='bbox 436 1371 570 1402; x_wconf 87' lang='grc' dir='ltr'><strong><em>χυται,</em></strong></span> <span class='ocrx_word' id='word_1_228' title='bbox 602 1358 676 1391; x_wconf 89' lang='grc' dir='ltr'><strong><em>τῶν</em></strong></span> <span class='ocrx_word' id='word_1_229' title='bbox 711 1350 977 1400; x_wconf 74' lang='grc' dir='ltr'><strong><em>πονηροτάτων</em></strong></span> <span class='ocrx_word' id='word_1_230' title='bbox 1008 1352 1072 1386; x_wconf 80' lang='grc' dir='ltr'><strong><em>καὶ</em></strong></span> <span class='ocrx_word' id='word_1_231' title='bbox 1099 1346 1380 1386; x_wconf 72' lang='grc' dir='ltr'><strong><em>ἀναιδεστάτων</em></strong></span> <span class='ocrx_word' id='word_1_232' title='bbox 1409 1346 1432 1393; x_wconf 74' lang='grc' dir='ltr'><em>ἡ</em></span> <span class='ocrx_word' id='word_1_233' title='bbox 1456 1346 1562 1386; x_wconf 87' lang='grc' dir='ltr'><strong><em>πόλις</em></strong></span> <span class='ocrx_word' id='word_1_234' title='bbox 1587 1345 1766 1389; x_wconf 86' lang='grc' dir='ltr'><strong><em>γίγνεται.</em></strong></span> <span class='ocrx_word' id='word_1_235' title='bbox 1817 1338 1925 1385; x_wconf 85' lang='lat' dir='ltr'>XIX,</span> <span class='ocrx_word' id='word_1_236' title='bbox 1966 1337 2050 1377; x_wconf 86' lang='lat'>208.</span> <span class='ocrx_word' id='word_1_237' title='bbox 2077 1336 2191 1373; x_wconf 88' lang='grc' dir='ltr'><strong><em>τοῦτο</em></strong></span> <span class='ocrx_word' id='word_1_238' title='bbox 2217 1348 2354 1382; x_wconf 81' lang='grc' dir='ltr'><strong><em>παραι-</em></strong></span> 
     </span>
     <span class='ocr_line' id='line_1_28' title="bbox 438 1388 2355 1466; baseline -0.013 -13"><span class='ocrx_word' id='word_1_239' title='bbox 438 1422 557 1466; x_wconf 88' lang='grc' dir='ltr'><strong><em>ρεῖται</em></strong></span> <span class='ocrx_word' id='word_1_240' title='bbox 583 1413 650 1459; x_wconf 85' lang='grc' dir='ltr'><strong><em>τὴν</em></strong></span> <span class='ocrx_word' id='word_1_241' title='bbox 677 1410 905 1461; x_wconf 75' lang='grc' dir='ltr'><strong><em>θρασύτητα</em></strong></span> <span class='ocrx_word' id='word_1_242' title='bbox 931 1409 998 1453; x_wconf 84' lang='grc' dir='ltr'><strong><em>τὴν</em></strong></span> <span class='ocrx_word' id='word_1_243' title='bbox 1024 1406 1185 1450; x_wconf 85' lang='grc' dir='ltr'><strong><em>τούτων,</em></strong></span> <span class='ocrx_word' id='word_1_244' title='bbox 1225 1407 1324 1443; x_wconf 79' lang='grc' dir='ltr'><strong><em>τοῦτ’</em></strong></span> <span class='ocrx_word' id='word_1_245' title='bbox 1351 1400 1580 1453; x_wconf 80' lang='grc' dir='ltr'><strong><em>ἀποστρέφει</em></strong></span> <span class='ocrx_word' id='word_1_246' title='bbox 1607 1400 1673 1445; x_wconf 88' lang='grc' dir='ltr'><strong><em>τὴν</em></strong></span> <span class='ocrx_word' id='word_1_247' title='bbox 1699 1400 1882 1446; x_wconf 86' lang='grc' dir='ltr'><strong><em>γλῶτταν,</em></strong></span> <span class='ocrx_word' id='word_1_248' title='bbox 1916 1394 2120 1446; x_wconf 76' lang='grc' dir='ltr'><strong><em>ἐμφράττει</em></strong></span> <span class='ocrx_word' id='word_1_249' title='bbox 2145 1392 2189 1430; x_wconf 85' lang='grc' dir='ltr'><strong><em>τὸ</em></strong></span> <span class='ocrx_word' id='word_1_250' title='bbox 2215 1388 2355 1439; x_wconf 65' lang='grc' dir='ltr'><strong><em>στόμα,</em></strong></span> 
     </span>
     <span class='ocr_line' id='line_1_29' title="bbox 439 1452 2357 1522; baseline -0.013 -10"><span class='ocrx_word' id='word_1_251' title='bbox 439 1476 569 1522; x_wconf 84' lang='grc' dir='ltr'><strong><em>ἀγχει,</em></strong></span> <span class='ocrx_word' id='word_1_252' title='bbox 613 1473 759 1510; x_wconf 80' lang='grc' dir='ltr'><strong><em>σιωπᾶν</em></strong></span> <span class='ocrx_word' id='word_1_253' title='bbox 804 1474 912 1506; x_wconf 81' lang='grc' dir='ltr'><strong><em>ποιεῖ.</em></strong></span> <span class='ocrx_word' id='word_1_254' title='bbox 965 1467 1041 1504; x_wconf 85' lang='lat' dir='ltr'><strong><em>His</em></strong></span> <span class='ocrx_word' id='word_1_255' title='bbox 1080 1465 1197 1503; x_wconf 84' lang='lat' dir='ltr'>variis</span> <span class='ocrx_word' id='word_1_256' title='bbox 1236 1465 1361 1502; x_wconf 85' lang='lat' dir='ltr'>verbis</span> <span class='ocrx_word' id='word_1_257' title='bbox 1401 1468 1532 1500; x_wconf 86' lang='lat' dir='ltr'>orator</span> <span class='ocrx_word' id='word_1_258' title='bbox 1569 1472 1682 1509; x_wconf 86' lang='lat' dir='ltr'>quam</span> <span class='ocrx_word' id='word_1_259' title='bbox 1721 1458 1875 1507; x_wconf 83' lang='lat' dir='ltr'>egregie</span> <span class='ocrx_word' id='word_1_260' title='bbox 1913 1454 2011 1493; x_wconf 89' lang='lat' dir='ltr'>illud</span> <span class='ocrx_word' id='word_1_261' title='bbox 2050 1452 2357 1491; x_wconf 78' lang='lat' dir='ltr'>adversariorum</span> 
     </span>
     <span class='ocr_line' id='line_1_30' title="bbox 442 1511 2357 1579; baseline -0.012 -8"><span class='ocrx_word' id='word_1_262' title='bbox 442 1530 620 1576; x_wconf 81' lang='grc' dir='ltr'><strong><em>ἀσθενές,</em></strong></span> <span class='ocrx_word' id='word_1_263' title='bbox 648 1528 838 1579; x_wconf 78' lang='lat' dir='ltr'>depingit,</span> <span class='ocrx_word' id='word_1_264' title='bbox 865 1525 971 1575; x_wconf 90' lang='lat' dir='ltr'>quod</span> <span class='ocrx_word' id='word_1_265' title='bbox 998 1525 1189 1575; x_wconf 88' lang='lat' dir='ltr'>proficisci</span> <span class='ocrx_word' id='word_1_266' title='bbox 1217 1523 1309 1561; x_wconf 90' lang='lat' dir='ltr'>dicit</span> <span class='ocrx_word' id='word_1_267' title='bbox 1336 1536 1382 1561; x_wconf 85' lang='lat' dir='ltr'>ex</span> <span class='ocrx_word' id='word_1_268' title='bbox 1408 1519 1640 1560; x_wconf 86' lang='lat' dir='ltr'>conscientia</span> <span class='ocrx_word' id='word_1_269' title='bbox 1659 1517 1836 1567; x_wconf 85' lang='lat' dir='ltr'>proditae</span> <span class='ocrx_word' id='word_1_270' title='bbox 1854 1514 2014 1566; x_wconf 81' lang='lat' dir='ltr'>patriae,</span> <span class='ocrx_word' id='word_1_271' title='bbox 2039 1511 2225 1562; x_wconf 84' lang='lat' dir='ltr'>cumipse</span> <span class='ocrx_word' id='word_1_272' title='bbox 2242 1523 2357 1561; x_wconf 88' lang='lat' dir='ltr'>quem</span> 
     </span>
     <span class='ocr_line' id='line_1_31' title="bbox 442 1569 2357 1642; baseline -0.011 -13"><span class='ocrx_word' id='word_1_273' title='bbox 442 1593 501 1629; x_wconf 90' lang='lat' dir='ltr'>illi</span> <span class='ocrx_word' id='word_1_274' title='bbox 526 1593 710 1642; x_wconf 84' lang='lat' dir='ltr'>ignavum</span> <span class='ocrx_word' id='word_1_275' title='bbox 736 1588 952 1634; x_wconf 88' lang='lat' dir='ltr'>nominent,</span> <span class='ocrx_word' id='word_1_276' title='bbox 985 1585 1134 1634; x_wconf 88' lang='lat' dir='ltr'>quoties</span> <span class='ocrx_word' id='word_1_277' title='bbox 1161 1584 1310 1621; x_wconf 81' lang='lat' dir='ltr'>occasio</span> <span class='ocrx_word' id='word_1_278' title='bbox 1337 1582 1427 1619; x_wconf 82' lang='lat' dir='ltr'>data</span> <span class='ocrx_word' id='word_1_279' title='bbox 1452 1581 1521 1627; x_wconf 88' lang='lat' dir='ltr'>sit,</span> <span class='ocrx_word' id='word_1_280' title='bbox 1554 1591 1620 1617; x_wconf 86' lang='lat' dir='ltr'><strong><em>eos</em></strong></span> <span class='ocrx_word' id='word_1_281' title='bbox 1647 1581 1801 1614; x_wconf 85' lang='lat' dir='ltr'>accuset</span> <span class='ocrx_word' id='word_1_282' title='bbox 1825 1581 1942 1624; x_wconf 87' lang='lat' dir='ltr'>atque</span> <span class='ocrx_word' id='word_1_283' title='bbox 1968 1572 2180 1611; x_wconf 82' lang='lat' dir='ltr'>convincat.</span> <span class='ocrx_word' id='word_1_284' title='bbox 2231 1569 2357 1609; x_wconf 85' lang='lat' dir='ltr'>Addi-</span> 
     </span>
     <span class='ocr_line' id='line_1_32' title="bbox 442 1629 2357 1697; baseline -0.013 -6"><span class='ocrx_word' id='word_1_285' title='bbox 442 1664 527 1690; x_wconf 85' lang='lat' dir='ltr'><strong><em>mus</em></strong></span> <span class='ocrx_word' id='word_1_286' title='bbox 552 1649 683 1697; x_wconf 88' lang='lat' dir='ltr'>XXV,</span> <span class='ocrx_word' id='word_1_287' title='bbox 709 1649 769 1685; x_wconf 87' lang='lat'><strong><em>94.</em></strong></span> <span class='ocrx_word' id='word_1_288' title='bbox 795 1650 877 1684; x_wconf 87' lang='grc' dir='ltr'><strong><em>νυνὶ</em></strong></span> <span class='ocrx_word' id='word_1_289' title='bbox 902 1648 941 1683; x_wconf 85' lang='grc' dir='ltr'><strong><em>δὲ</em></strong></span> <span class='ocrx_word' id='word_1_290' title='bbox 964 1646 1090 1683; x_wconf 81' lang='grc' dir='ltr'><strong><em>πάντα</em></strong></span> <span class='ocrx_word' id='word_1_291' title='bbox 1115 1651 1251 1686; x_wconf 80' lang='grc' dir='ltr'><strong><em>ποιεῖν,</em></strong></span> <span class='ocrx_word' id='word_1_292' title='bbox 1277 1643 1504 1683; x_wconf 79' lang='grc' dir='ltr'><strong><em>αἰτιᾶσθαι,</em></strong></span> <span class='ocrx_word' id='word_1_293' title='bbox 1530 1637 1665 1686; x_wconf 83' lang='grc' dir='ltr'><strong><em>λέγειν,</em></strong></span> <span class='ocrx_word' id='word_1_294' title='bbox 1692 1634 1921 1684; x_wconf 79' lang='grc' dir='ltr'><strong><em>διαβάλλειν,</em></strong></span> <span class='ocrx_word' id='word_1_295' title='bbox 1946 1635 2196 1682; x_wconf 79' lang='grc' dir='ltr'><strong><em>βλασφημεῖν,</em></strong></span> <span class='ocrx_word' id='word_1_296' title='bbox 2224 1629 2357 1668; x_wconf 73' lang='grc' dir='ltr'><strong><em>θανά-</em></strong></span> 
     </span>
     <span class='ocr_line' id='line_1_33' title="bbox 442 1689 2359 1757; baseline -0.013 -8"><span class='ocrx_word' id='word_1_297' title='bbox 442 1725 513 1750; x_wconf 84' lang='grc' dir='ltr'><strong><em>του</em></strong></span> <span class='ocrx_word' id='word_1_298' title='bbox 545 1710 757 1757; x_wconf 79' lang='grc' dir='ltr'><strong><em>τιμᾶσθαι,</em></strong></span> <span class='ocrx_word' id='word_1_299' title='bbox 790 1703 1060 1753; x_wconf 77' lang='grc' dir='ltr'><strong><em>εἰσαγγέλλειν,</em></strong></span> <span class='ocrx_word' id='word_1_300' title='bbox 1087 1704 1321 1749; x_wconf 75' lang='grc' dir='ltr'><strong><em>κακολογεῖν.</em></strong></span> <span class='ocrx_word' id='word_1_301' title='bbox 1374 1700 1522 1737; x_wconf 85' lang='lat' dir='ltr'>Extant</span> <span class='ocrx_word' id='word_1_302' title='bbox 1546 1696 1701 1749; x_wconf 70' lang='lat' dir='ltr'>quidem</span> <span class='ocrx_word' id='word_1_303' title='bbox 1728 1694 1804 1732; x_wconf 83' lang='lat' dir='ltr'>alia</span> <span class='ocrx_word' id='word_1_304' title='bbox 1828 1692 2013 1731; x_wconf 80' lang='lat' dir='ltr'>nonnulla</span> <span class='ocrx_word' id='word_1_305' title='bbox 2038 1689 2232 1740; x_wconf 81' lang='lat' dir='ltr'>exempla,</span> <span class='ocrx_word' id='word_1_306' title='bbox 2259 1700 2359 1738; x_wconf 72' lang='lat' dir='ltr'>quae</span> 
     </span>
     <span class='ocr_line' id='line_1_34' title="bbox 445 1748 2360 1819; baseline -0.011 -12"><span class='ocrx_word' id='word_1_307' title='bbox 445 1770 531 1819; x_wconf 87' lang='lat' dir='ltr'>quis</span> <span class='ocrx_word' id='word_1_308' title='bbox 556 1769 720 1806; x_wconf 84' lang='lat' dir='ltr'>fortasse</span> <span class='ocrx_word' id='word_1_309' title='bbox 747 1766 822 1802; x_wconf 87' lang='lat' dir='ltr'>hoc</span> <span class='ocrx_word' id='word_1_310' title='bbox 847 1765 932 1801; x_wconf 88' lang='lat' dir='ltr'>loco</span> <span class='ocrx_word' id='word_1_311' title='bbox 960 1763 1090 1812; x_wconf 85' lang='lat' dir='ltr'>cupiat</span> <span class='ocrx_word' id='word_1_312' title='bbox 1116 1761 1261 1807; x_wconf 81' lang='lat' dir='ltr'>afferri,</span> <span class='ocrx_word' id='word_1_313' title='bbox 1287 1767 1413 1798; x_wconf 86' lang='lat' dir='ltr'>tamen</span> <span class='ocrx_word' id='word_1_314' title='bbox 1437 1759 1530 1796; x_wconf 85' lang='lat' dir='ltr'>talia</span> <span class='ocrx_word' id='word_1_315' title='bbox 1557 1762 1660 1804; x_wconf 79' lang='lat' dir='ltr'>sunt,</span> <span class='ocrx_word' id='word_1_316' title='bbox 1683 1760 1728 1792; x_wconf 92' lang='lat' dir='ltr'>ut</span> <span class='ocrx_word' id='word_1_317' title='bbox 1754 1753 1930 1803; x_wconf 90' lang='lat' dir='ltr'>equidem</span> <span class='ocrx_word' id='word_1_318' title='bbox 1957 1750 2128 1789; x_wconf 84' lang='lat' dir='ltr'>dubitem</span> <span class='ocrx_word' id='word_1_319' title='bbox 2155 1762 2204 1787; x_wconf 83' lang='lat' dir='ltr'>an</span> <span class='ocrx_word' id='word_1_320' title='bbox 2228 1748 2360 1798; x_wconf 72' lang='lat' dir='ltr'>potius</span> 
     </span>
     <span class='ocr_line' id='line_1_35' title="bbox 447 1807 2361 1877; baseline -0.013 -9"><span class='ocrx_word' id='word_1_321' title='bbox 447 1829 499 1868; x_wconf 90' lang='lat' dir='ltr'>ad</span> <span class='ocrx_word' id='word_1_322' title='bbox 531 1842 664 1866; x_wconf 86' lang='lat' dir='ltr'>verum</span> <span class='ocrx_word' id='word_1_323' title='bbox 698 1825 909 1877; x_wconf 81' lang='lat' dir='ltr'>asyndeton</span> <span class='ocrx_word' id='word_1_324' title='bbox 942 1836 987 1860; x_wconf 86' lang='lat' dir='ltr'>ea</span> <span class='ocrx_word' id='word_1_325' title='bbox 1019 1822 1190 1860; x_wconf 85' lang='lat' dir='ltr'>referam.</span> <span class='ocrx_word' id='word_1_326' title='bbox 1241 1819 1344 1858; x_wconf 89' lang='lat' dir='ltr'><strong><em>Nam</em></strong></span> <span class='ocrx_word' id='word_1_327' title='bbox 1380 1832 1466 1857; x_wconf 86' lang='lat' dir='ltr'>cum</span> <span class='ocrx_word' id='word_1_328' title='bbox 1499 1816 1670 1867; x_wconf 83' lang='lat' dir='ltr'>singulae</span> <span class='ocrx_word' id='word_1_329' title='bbox 1704 1812 1999 1865; x_wconf 85' lang='lat' dir='ltr'>significationes</span> <span class='ocrx_word' id='word_1_330' title='bbox 2025 1810 2090 1847; x_wconf 83' lang='lat' dir='ltr'><strong><em>vix</em></strong></span> <span class='ocrx_word' id='word_1_331' title='bbox 2115 1813 2181 1847; x_wconf 86' lang='lat' dir='ltr'>aut</span> <span class='ocrx_word' id='word_1_332' title='bbox 2205 1807 2361 1855; x_wconf 76' lang='lat' dir='ltr'><strong><em>omnino¹</em></strong></span> 
     </span>
    </p>
   </div>
   <div class='ocr_carea' id='block_1_14' title="bbox 446 1872 2449 1988">
    <p class='ocr_par' dir='ltr' id='par_1_14' title="bbox 446 1872 2449 1988">
     <span class='ocr_line' id='line_1_36' title="bbox 446 1872 2433 1937; baseline -0.012 -10"><span class='ocrx_word' id='word_1_333' title='bbox 446 1902 523 1927; x_wconf 86' lang='lat' dir='ltr'><strong><em>non</em></strong></span> <span class='ocrx_word' id='word_1_334' title='bbox 551 1888 702 1937; x_wconf 84' lang='lat' dir='ltr'>possint</span> <span class='ocrx_word' id='word_1_335' title='bbox 727 1886 840 1923; x_wconf 85' lang='lat' dir='ltr'>certis</span> <span class='ocrx_word' id='word_1_336' title='bbox 868 1883 1041 1925; x_wconf 80' lang='lat' dir='ltr'>terminis</span> <span class='ocrx_word' id='word_1_337' title='bbox 1070 1880 1342 1927; x_wconf 84' lang='lat' dir='ltr'>circumscribi,</span> <span class='ocrx_word' id='word_1_338' title='bbox 1370 1878 1499 1916; x_wconf 89' lang='lat' dir='ltr'>multis</span> <span class='ocrx_word' id='word_1_339' title='bbox 1523 1877 1617 1914; x_wconf 88' lang='lat' dir='ltr'>locis</span> <span class='ocrx_word' id='word_1_340' title='bbox 1644 1880 1752 1925; x_wconf 82' lang='lat' dir='ltr'>patet</span> <span class='ocrx_word' id='word_1_341' title='bbox 1777 1872 2042 1911; x_wconf 85' lang='lat' dir='ltr'>difficillimum</span> <span class='ocrx_word' id='word_1_342' title='bbox 2070 1882 2153 1908; x_wconf 85' lang='lat' dir='ltr'>esse</span> <span class='ocrx_word' id='word_1_343' title='bbox 2177 1873 2368 1915; x_wconf 64' lang='lat' dir='ltr'>statuere,</span> <span class='ocrx_word' id='word_1_344' title='bbox 2423 1873 2433 1883; x_wconf 85' lang='lat'>&#39;</span> 
     </span>
     <span class='ocr_line' id='line_1_37' title="bbox 446 1925 2449 1988; baseline -0.012 -1"><span class='ocrx_word' id='word_1_345' title='bbox 446 1962 540 1987; x_wconf 90' lang='lat' dir='ltr'>num</span> <span class='ocrx_word' id='word_1_346' title='bbox 574 1946 708 1984; x_wconf 86' lang='lat' dir='ltr'>eadem</span> <span class='ocrx_word' id='word_1_347' title='bbox 742 1957 802 1983; x_wconf 87' lang='lat' dir='ltr'><strong><em>res</em></strong></span> <span class='ocrx_word' id='word_1_348' title='bbox 829 1957 914 1982; x_wconf 89' lang='lat' dir='ltr'>cum</span> <span class='ocrx_word' id='word_1_349' title='bbox 941 1955 1054 1981; x_wconf 86' lang='lat' dir='ltr'>causa</span> <span class='ocrx_word' id='word_1_350' title='bbox 1081 1941 1234 1979; x_wconf 86' lang='lat' dir='ltr'>dicatur</span> <span class='ocrx_word' id='word_1_351' title='bbox 1259 1940 1341 1978; x_wconf 86' lang='lat' dir='ltr'>aliis</span> <span class='ocrx_word' id='word_1_352' title='bbox 1369 1937 1492 1988; x_wconf 87' lang='lat' dir='ltr'>repeti</span> <span class='ocrx_word' id='word_1_353' title='bbox 1519 1935 1655 1974; x_wconf 88' lang='lat' dir='ltr'>verbis.</span> <span class='ocrx_word' id='word_1_354' title='bbox 1708 1933 1792 1971; x_wconf 93' lang='lat' dir='ltr'><strong><em>Nec</em></strong></span> <span class='ocrx_word' id='word_1_355' title='bbox 1817 1933 1900 1982; x_wconf 88' lang='lat' dir='ltr'>ipse</span> <span class='ocrx_word' id='word_1_356' title='bbox 1925 1929 2165 1981; x_wconf 85' lang='lat' dir='ltr'>negaverim,</span> <span class='ocrx_word' id='word_1_357' title='bbox 2197 1927 2273 1965; x_wconf 90' lang='lat' dir='ltr'>hoc</span> <span class='ocrx_word' id='word_1_358' title='bbox 2298 1925 2361 1964; x_wconf 80' lang='lat' dir='ltr'>vel</span> <span class='ocrx_word' id='word_1_359' title='bbox 2446 1932 2449 1934; x_wconf 79' lang='grc'><strong>’</strong></span> 
     </span>
    </p>
   </div>
   <div class='ocr_carea' id='block_1_15' title="bbox 446 1986 2363 2409">
    <p class='ocr_par' dir='ltr' id='par_1_15' title="bbox 446 1986 2363 2409">
     <span class='ocr_line' id='line_1_38' title="bbox 446 1986 2361 2052; baseline -0.011 -6"><span class='ocrx_word' id='word_1_360' title='bbox 446 2011 487 2047; x_wconf 85' lang='lat' dir='ltr'><strong><em>in</em></strong></span> <span class='ocrx_word' id='word_1_361' title='bbox 520 2020 653 2046; x_wconf 86' lang='lat' dir='ltr'>eorum</span> <span class='ocrx_word' id='word_1_362' title='bbox 686 2005 876 2051; x_wconf 88' lang='lat' dir='ltr'>locorum,</span> <span class='ocrx_word' id='word_1_363' title='bbox 915 2016 1012 2052; x_wconf 88' lang='lat' dir='ltr'>quos</span> <span class='ocrx_word' id='word_1_364' title='bbox 1047 2001 1163 2039; x_wconf 91' lang='lat' dir='ltr'>modo</span> <span class='ocrx_word' id='word_1_365' title='bbox 1191 2001 1323 2048; x_wconf 86' lang='lat' dir='ltr'>attuli,</span> <span class='ocrx_word' id='word_1_366' title='bbox 1362 1997 1568 2036; x_wconf 85' lang='lat' dir='ltr'>nonnullos</span> <span class='ocrx_word' id='word_1_367' title='bbox 1595 1994 1731 2033; x_wconf 83' lang='lat' dir='ltr'>cadere</span> <span class='ocrx_word' id='word_1_368' title='bbox 1758 2000 1796 2031; x_wconf 92' lang='lat' dir='ltr'><strong><em>et</em></strong></span> <span class='ocrx_word' id='word_1_369' title='bbox 1820 1992 2007 2042; x_wconf 86' lang='lat' dir='ltr'>imprimis</span> <span class='ocrx_word' id='word_1_370' title='bbox 2034 1991 2071 2027; x_wconf 87' lang='lat' dir='ltr'><strong><em>in</em></strong></span> <span class='ocrx_word' id='word_1_371' title='bbox 2099 2001 2184 2037; x_wconf 85' lang='lat' dir='ltr'>eos,</span> <span class='ocrx_word' id='word_1_372' title='bbox 2223 1986 2361 2036; x_wconf 72' lang='lat' dir='ltr'>quibus</span> 
     </span>
     <span class='ocr_line' id='line_1_39' title="bbox 446 2045 2363 2119; baseline -0.011 -14"><span class='ocrx_word' id='word_1_373' title='bbox 446 2066 714 2119; x_wconf 85' lang='lat' dir='ltr'>gradationem</span> <span class='ocrx_word' id='word_1_374' title='bbox 741 2062 934 2113; x_wconf 86' lang='lat' dir='ltr'>quandam</span> <span class='ocrx_word' id='word_1_375' title='bbox 959 2062 1084 2100; x_wconf 87' lang='lat' dir='ltr'>inesse</span> <span class='ocrx_word' id='word_1_376' title='bbox 1107 2059 1286 2110; x_wconf 83' lang='lat' dir='ltr'>judicavi.</span> <span class='ocrx_word' id='word_1_377' title='bbox 1326 2059 1460 2107; x_wconf 91' lang='lat' dir='ltr'>Atque</span> <span class='ocrx_word' id='word_1_378' title='bbox 1486 2057 1521 2095; x_wconf 88' lang='lat' dir='ltr'><strong><em>ei</em></strong></span> <span class='ocrx_word' id='word_1_379' title='bbox 1547 2067 1701 2105; x_wconf 91' lang='lat' dir='ltr'>quoque</span> <span class='ocrx_word' id='word_1_380' title='bbox 1726 2054 1802 2091; x_wconf 93' lang='lat' dir='ltr'>loci</span> <span class='ocrx_word' id='word_1_381' title='bbox 1828 2051 2085 2097; x_wconf 79' lang='lat' dir='ltr'>inveniuntur,</span> <span class='ocrx_word' id='word_1_382' title='bbox 2112 2047 2253 2097; x_wconf 82' lang='lat' dir='ltr'>quibus</span> <span class='ocrx_word' id='word_1_383' title='bbox 2269 2045 2363 2083; x_wconf 72' lang='lat' dir='ltr'>talia</span> 
     </span>
     <span class='ocr_line' id='line_1_40' title="bbox 447 2110 2362 2174; baseline -0.011 -10"><span class='ocrx_word' id='word_1_384' title='bbox 447 2126 565 2164; x_wconf 85' lang='lat' dir='ltr'>verba</span> <span class='ocrx_word' id='word_1_385' title='bbox 591 2138 689 2174; x_wconf 87' lang='lat' dir='ltr'>quae</span> <span class='ocrx_word' id='word_1_386' title='bbox 714 2129 752 2161; x_wconf 88' lang='lat' dir='ltr'><strong><em>et</em></strong></span> <span class='ocrx_word' id='word_1_387' title='bbox 778 2123 880 2160; x_wconf 90' lang='lat' dir='ltr'>idem</span> <span class='ocrx_word' id='word_1_388' title='bbox 907 2127 946 2159; x_wconf 89' lang='lat' dir='ltr'><strong><em>et</em></strong></span> <span class='ocrx_word' id='word_1_389' title='bbox 971 2120 1077 2158; x_wconf 86' lang='lat' dir='ltr'>aliud</span> <span class='ocrx_word' id='word_1_390' title='bbox 1104 2120 1256 2157; x_wconf 81' lang='lat' dir='ltr'>valeant</span> <span class='ocrx_word' id='word_1_391' title='bbox 1280 2119 1380 2156; x_wconf 89' lang='lat' dir='ltr'>inter</span> <span class='ocrx_word' id='word_1_392' title='bbox 1406 2130 1446 2155; x_wconf 89' lang='lat' dir='ltr'><strong><em>se</em></strong></span> <span class='ocrx_word' id='word_1_393' title='bbox 1472 2114 1691 2154; x_wconf 82' lang='lat' dir='ltr'>succedant.</span> <span class='ocrx_word' id='word_1_394' title='bbox 1744 2112 1805 2151; x_wconf 84' lang='lat' dir='ltr'><strong><em>Cf.</em></strong></span> <span class='ocrx_word' id='word_1_395' title='bbox 1831 2112 1905 2161; x_wconf 90' lang='lat' dir='ltr'><strong><em>IX,</em></strong></span> <span class='ocrx_word' id='word_1_396' title='bbox 1937 2112 1984 2150; x_wconf 83' lang='lat'><strong><em>73</em></strong></span> <span class='ocrx_word' id='word_1_397' title='bbox 2021 2110 2241 2156; x_wconf 80' lang='grc' dir='ltr'><strong><em>συγκαλεῖν,</em></strong></span> <span class='ocrx_word' id='word_1_398' title='bbox 2272 2119 2362 2143; x_wconf 76' lang='grc' dir='ltr'><strong><em>συν-</em></strong></span> 
     </span>
     <span class='ocr_line' id='line_1_41' title="bbox 447 2164 2362 2235; baseline -0.011 -10"><span class='ocrx_word' id='word_1_399' title='bbox 447 2187 573 2235; x_wconf 88' lang='grc' dir='ltr'><strong><em>ἀγειν,</em></strong></span> <span class='ocrx_word' id='word_1_400' title='bbox 600 2184 809 2227; x_wconf 78' lang='grc' dir='ltr'><strong><em>διδάσκειν,</em></strong></span> <span class='ocrx_word' id='word_1_401' title='bbox 837 2184 1049 2229; x_wconf 80' lang='grc' dir='ltr'><strong><em>νουθετεῖν,</em></strong></span> <span class='ocrx_word' id='word_1_402' title='bbox 1075 2180 1139 2218; x_wconf 87' lang='lat' dir='ltr'>ubi</span> <span class='ocrx_word' id='word_1_403' title='bbox 1168 2185 1205 2217; x_wconf 85' lang='lat' dir='ltr'><strong><em>et</em></strong></span> <span class='ocrx_word' id='word_1_404' title='bbox 1231 2180 1445 2226; x_wconf 80' lang='grc' dir='ltr'><strong><em>συγκαλεῖν,</em></strong></span> <span class='ocrx_word' id='word_1_405' title='bbox 1473 2175 1647 2223; x_wconf 84' lang='grc' dir='ltr'><strong><em>συνάγειν</em></strong></span> <span class='ocrx_word' id='word_1_406' title='bbox 1675 2178 1714 2211; x_wconf 80' lang='lat' dir='ltr'><strong><em>et</em></strong></span> <span class='ocrx_word' id='word_1_407' title='bbox 1738 2173 1939 2219; x_wconf 76' lang='grc' dir='ltr'><strong><em>διδάσκειν,</em></strong></span> <span class='ocrx_word' id='word_1_408' title='bbox 1965 2171 2164 2209; x_wconf 85' lang='grc' dir='ltr'><strong><em>νουθετεΐν</em></strong></span> <span class='ocrx_word' id='word_1_409' title='bbox 2190 2164 2362 2216; x_wconf 70' lang='lat' dir='ltr'>singulas</span> 
     </span>
     <span class='ocr_line' id='line_1_42' title="bbox 448 2229 2362 2294; baseline -0.011 -12"><span class='ocrx_word' id='word_1_410' title='bbox 448 2245 669 2294; x_wconf 86' lang='lat' dir='ltr'>exprimunt</span> <span class='ocrx_word' id='word_1_411' title='bbox 695 2243 885 2279; x_wconf 89' lang='lat' dir='ltr'>notiones.</span> <span class='ocrx_word' id='word_1_412' title='bbox 936 2239 1090 2286; x_wconf 85' lang='lat' dir='ltr'>XXIII,</span> <span class='ocrx_word' id='word_1_413' title='bbox 1117 2240 1177 2276; x_wconf 80' lang='lat'><strong><em>28.</em></strong></span> <span class='ocrx_word' id='word_1_414' title='bbox 1204 2240 1425 2286; x_wconf 82' lang='grc' dir='ltr'><strong><em>στρεβλοῦν.</em></strong></span> <span class='ocrx_word' id='word_1_415' title='bbox 1452 2235 1699 2275; x_wconf 74' lang='grc' dir='ltr'><strong><em>αἰκίσασθαι,</em></strong></span> <span class='ocrx_word' id='word_1_416' title='bbox 1724 2233 1903 2279; x_wconf 80' lang='grc' dir='ltr'><strong><em>χρήματα</em></strong></span> <span class='ocrx_word' id='word_1_417' title='bbox 1928 2229 2168 2276; x_wconf 75' lang='grc' dir='ltr'><strong><em>πράξασθαι,</em></strong></span> <span class='ocrx_word' id='word_1_418' title='bbox 2196 2235 2362 2274; x_wconf 84' lang='lat' dir='ltr'>quocum</span> 
     </span>
     <span class='ocr_line' id='line_1_43' title="bbox 446 2283 2362 2353; baseline -0.012 -11"><span class='ocrx_word' id='word_1_419' title='bbox 446 2302 623 2353; x_wconf 84' lang='lat' dir='ltr'>exemplo</span> <span class='ocrx_word' id='word_1_420' title='bbox 651 2301 817 2339; x_wconf 86' lang='lat' dir='ltr'>conferri</span> <span class='ocrx_word' id='word_1_421' title='bbox 843 2304 972 2350; x_wconf 91' lang='lat' dir='ltr'>potest</span> <span class='ocrx_word' id='word_1_422' title='bbox 997 2296 1170 2343; x_wconf 86' lang='lat' dir='ltr'>XXIII,</span> <span class='ocrx_word' id='word_1_423' title='bbox 1197 2297 1257 2335; x_wconf 87' lang='lat'><strong><em>35.</em></strong></span> <span class='ocrx_word' id='word_1_424' title='bbox 1287 2295 1466 2343; x_wconf 80' lang='grc' dir='ltr'><strong><em>χρήματα</em></strong></span> <span class='ocrx_word' id='word_1_425' title='bbox 1492 2292 1730 2341; x_wconf 80' lang='grc' dir='ltr'><strong><em>πράξασθαι,</em></strong></span> <span class='ocrx_word' id='word_1_426' title='bbox 1761 2291 1883 2336; x_wconf 81' lang='grc' dir='ltr'><strong><em>ζῶντα</em></strong></span> <span class='ocrx_word' id='word_1_427' title='bbox 1909 2286 2178 2335; x_wconf 75' lang='grc' dir='ltr'><strong><em>λυμαίνεσθαι,</em></strong></span> <span class='ocrx_word' id='word_1_428' title='bbox 2205 2283 2362 2325; x_wconf 81' lang='grc' dir='ltr'><strong><em>κακοῦν,</em></strong></span> 
     </span>
     <span class='ocr_line' id='line_1_44' title="bbox 447 2343 2363 2409; baseline -0.011 -8"><span class='ocrx_word' id='word_1_429' title='bbox 447 2368 586 2409; x_wconf 78' lang='grc' dir='ltr'><strong><em>ἔχοντα</em></strong></span> <span class='ocrx_word' id='word_1_430' title='bbox 613 2363 731 2399; x_wconf 85' lang='grc' dir='ltr'><strong><em>αὐτὸν</em></strong></span> <span class='ocrx_word' id='word_1_431' title='bbox 756 2361 1040 2403; x_wconf 76' lang='grc' dir='ltr'><strong><em>ἀποκτιννύναι,</em></strong></span> <span class='ocrx_word' id='word_1_432' title='bbox 1071 2357 1210 2405; x_wconf 91' lang='lat' dir='ltr'>quibus</span> <span class='ocrx_word' id='word_1_433' title='bbox 1236 2357 1328 2394; x_wconf 90' lang='lat' dir='ltr'>locis</span> <span class='ocrx_word' id='word_1_434' title='bbox 1355 2355 1590 2392; x_wconf 72' lang='grc' dir='ltr'><strong><em>αἰκίσασθαι</em></strong></span> <span class='ocrx_word' id='word_1_435' title='bbox 1617 2357 1656 2388; x_wconf 90' lang='lat' dir='ltr'><strong><em>et</em></strong></span> <span class='ocrx_word' id='word_1_436' title='bbox 1681 2352 1835 2404; x_wconf 35' lang='grc' dir='ltr'><strong><em>κακοῦν.</em></strong></span> <span class='ocrx_word' id='word_1_437' title='bbox 1849 2348 1950 2386; x_wconf 90' lang='lat' dir='ltr'>idem</span> <span class='ocrx_word' id='word_1_438' title='bbox 1977 2345 2083 2395; x_wconf 86' lang='lat' dir='ltr'>quod</span> <span class='ocrx_word' id='word_1_439' title='bbox 2110 2343 2268 2382; x_wconf 87' lang='lat' dir='ltr'>verbum</span> <span class='ocrx_word' id='word_1_440' title='bbox 2293 2354 2363 2380; x_wconf 79' lang='lat' dir='ltr'>an-</span> 
     </span>
    </p>
   </div>
   <div class='ocr_carea' id='block_1_16' title="bbox 446 2400 2361 2471">
    <p class='ocr_par' dir='ltr' id='par_1_16' title="bbox 446 2400 2361 2471">
     <span class='ocr_line' id='line_1_45' title="bbox 446 2400 2361 2471; baseline -0.011 -11"><span class='ocrx_word' id='word_1_441' title='bbox 446 2420 630 2460; x_wconf 82' lang='lat' dir='ltr'>tecedens</span> <span class='ocrx_word' id='word_1_442' title='bbox 670 2419 908 2471; x_wconf 83' lang='lat' dir='ltr'>significant,</span> <span class='ocrx_word' id='word_1_443' title='bbox 947 2416 1066 2455; x_wconf 85' lang='lat' dir='ltr'>verba</span> <span class='ocrx_word' id='word_1_444' title='bbox 1103 2421 1229 2454; x_wconf 85' lang='lat' dir='ltr'>autem</span> <span class='ocrx_word' id='word_1_445' title='bbox 1259 2416 1435 2464; x_wconf 79' lang='grc' dir='ltr'><strong><em>χρήματα</em></strong></span> <span class='ocrx_word' id='word_1_446' title='bbox 1465 2411 1690 2462; x_wconf 74' lang='grc' dir='ltr'><strong><em>πράξασθαι</em></strong></span> <span class='ocrx_word' id='word_1_447' title='bbox 1724 2414 1763 2447; x_wconf 86' lang='lat' dir='ltr'><strong><em>et</em></strong></span> <span class='ocrx_word' id='word_1_448' title='bbox 1794 2407 2065 2447; x_wconf 77' lang='grc' dir='ltr'><strong><em>ἀποκτιννύναι</em></strong></span> <span class='ocrx_word' id='word_1_449' title='bbox 2098 2402 2247 2452; x_wconf 71' lang='lat' dir='ltr'>aliquid.</span> <span class='ocrx_word' id='word_1_450' title='bbox 2268 2400 2361 2440; x_wconf 82' lang='lat' dir='ltr'>novi</span> 
     </span>
    </p>
   </div>
   <div class='ocr_carea' id='block_1_17' title="bbox 449 2459 2370 2711">
    <p class='ocr_par' dir='ltr' id='par_1_17' title="bbox 449 2459 2370 2711">
     <span class='ocr_line' id='line_1_46' title="bbox 449 2459 2364 2525; baseline -0.011 -7"><span class='ocrx_word' id='word_1_451' title='bbox 449 2481 624 2520; x_wconf 81' lang='lat' dir='ltr'>afferunt.</span> <span class='ocrx_word' id='word_1_452' title='bbox 675 2480 759 2517; x_wconf 85' lang='lat' dir='ltr'><strong><em>Iam</em></strong></span> <span class='ocrx_word' id='word_1_453' title='bbox 794 2491 887 2517; x_wconf 86' lang='lat' dir='ltr'>vero</span> <span class='ocrx_word' id='word_1_454' title='bbox 920 2479 987 2525; x_wconf 86' lang='lat' dir='ltr'><strong><em>qui</em></strong></span> <span class='ocrx_word' id='word_1_455' title='bbox 1020 2471 1139 2514; x_wconf 75' lang='lat' dir='ltr'>multa</span> <span class='ocrx_word' id='word_1_456' title='bbox 1169 2476 1263 2513; x_wconf 88' lang='lat' dir='ltr'>haec</span> <span class='ocrx_word' id='word_1_457' title='bbox 1295 2473 1488 2522; x_wconf 83' lang='lat' dir='ltr'>exempla,</span> <span class='ocrx_word' id='word_1_458' title='bbox 1529 2470 1667 2520; x_wconf 87' lang='lat' dir='ltr'>quibus</span> <span class='ocrx_word' id='word_1_459' title='bbox 1700 2468 1967 2517; x_wconf 85' lang='lat' dir='ltr'>repetitionem</span> <span class='ocrx_word' id='word_1_460' title='bbox 1997 2463 2168 2514; x_wconf 85' lang='lat' dir='ltr'>ejusdem</span> <span class='ocrx_word' id='word_1_461' title='bbox 2199 2462 2254 2499; x_wconf 83' lang='lat' dir='ltr'><strong><em>rei</em></strong></span> <span class='ocrx_word' id='word_1_462' title='bbox 2279 2459 2364 2508; x_wconf 70' lang='lat' dir='ltr'>aliia</span> 
     </span>
     <span class='ocr_line' id='line_1_47' title="bbox 450 2520 2364 2591; baseline -0.01 -11"><span class='ocrx_word' id='word_1_463' title='bbox 450 2540 577 2590; x_wconf 86' lang='lat' dir='ltr'>verbis</span> <span class='ocrx_word' id='word_1_464' title='bbox 604 2553 681 2578; x_wconf 89' lang='lat' dir='ltr'><strong><em>non</em></strong></span> <span class='ocrx_word' id='word_1_465' title='bbox 707 2553 776 2591; x_wconf 87' lang='lat' dir='ltr'><strong><em>per</em></strong></span> <span class='ocrx_word' id='word_1_466' title='bbox 803 2537 1013 2591; x_wconf 85' lang='lat' dir='ltr'>particulas</span> <span class='ocrx_word' id='word_1_467' title='bbox 1040 2535 1232 2587; x_wconf 87' lang='lat' dir='ltr'>copulatis</span> <span class='ocrx_word' id='word_1_468' title='bbox 1258 2534 1396 2573; x_wconf 85' lang='lat' dir='ltr'>factam</span> <span class='ocrx_word' id='word_1_469' title='bbox 1413 2532 1605 2570; x_wconf 86' lang='lat' dir='ltr'>illustrare</span> <span class='ocrx_word' id='word_1_470' title='bbox 1623 2528 1827 2576; x_wconf 85' lang='lat' dir='ltr'>voluimus,</span> <span class='ocrx_word' id='word_1_471' title='bbox 1855 2524 2066 2564; x_wconf 80' lang='lat' dir='ltr'>accuratius</span> <span class='ocrx_word' id='word_1_472' title='bbox 2085 2520 2364 2572; x_wconf 72' lang='lat' dir='ltr'>contemplatus</span> 
     </span>
     <span class='ocr_line' id='line_1_48' title="bbox 449 2580 2370 2648; baseline -0.011 -9"><span class='ocrx_word' id='word_1_473' title='bbox 449 2601 542 2648; x_wconf 79' lang='lat' dir='ltr'>erit,</span> <span class='ocrx_word' id='word_1_474' title='bbox 573 2600 669 2638; x_wconf 86' lang='lat' dir='ltr'>illud</span> <span class='ocrx_word' id='word_1_475' title='bbox 702 2601 783 2638; x_wconf 89' lang='lat' dir='ltr'>sine</span> <span class='ocrx_word' id='word_1_476' title='bbox 816 2600 935 2638; x_wconf 88' lang='lat' dir='ltr'>dubio</span> <span class='ocrx_word' id='word_1_477' title='bbox 965 2598 1162 2648; x_wconf 87' lang='lat' dir='ltr'>probabit,</span> <span class='ocrx_word' id='word_1_478' title='bbox 1196 2595 1301 2644; x_wconf 89' lang='lat' dir='ltr'>quod</span> <span class='ocrx_word' id='word_1_479' title='bbox 1324 2599 1470 2632; x_wconf 81' lang='lat' dir='ltr'>certam</span> <span class='ocrx_word' id='word_1_480' title='bbox 1495 2591 1684 2641; x_wconf 84' lang='lat' dir='ltr'>quandam</span> <span class='ocrx_word' id='word_1_481' title='bbox 1710 2590 1787 2626; x_wconf 86' lang='lat' dir='ltr'>vim</span> <span class='ocrx_word' id='word_1_482' title='bbox 1812 2600 1929 2636; x_wconf 83' lang='lat' dir='ltr'>supra</span> <span class='ocrx_word' id='word_1_483' title='bbox 1955 2585 2023 2623; x_wconf 81' lang='lat' dir='ltr'>tali</span> <span class='ocrx_word' id='word_1_484' title='bbox 2050 2582 2270 2633; x_wconf 79' lang='lat' dir='ltr'>repetitioni</span> <span class='ocrx_word' id='word_1_485' title='bbox 2290 2580 2370 2634; x_wconf 22' lang='lat' dir='ltr'>,tri--</span> 
     </span>
     <span class='ocr_line' id='line_1_49' title="bbox 451 2639 2366 2711; baseline -0.01 -14"><span class='ocrx_word' id='word_1_486' title='bbox 451 2659 617 2708; x_wconf 84' lang='lat' dir='ltr'>buimus,</span> <span class='ocrx_word' id='word_1_487' title='bbox 645 2661 790 2711; x_wconf 84' lang='lat' dir='ltr'>quippe</span> <span class='ocrx_word' id='word_1_488' title='bbox 817 2672 914 2709; x_wconf 82' lang='lat' dir='ltr'>quae</span> <span class='ocrx_word' id='word_1_489' title='bbox 941 2658 1123 2705; x_wconf 86' lang='lat' dir='ltr'>efficeret,</span> <span class='ocrx_word' id='word_1_490' title='bbox 1150 2662 1194 2694; x_wconf 90' lang='lat' dir='ltr'>ut</span> <span class='ocrx_word' id='word_1_491' title='bbox 1222 2667 1282 2693; x_wconf 85' lang='lat' dir='ltr'><strong><em>res</em></strong></span> <span class='ocrx_word' id='word_1_492' title='bbox 1308 2654 1460 2705; x_wconf 85' lang='lat' dir='ltr'>gravior</span> <span class='ocrx_word' id='word_1_493' title='bbox 1486 2664 1568 2690; x_wconf 86' lang='lat' dir='ltr'>esse</span> <span class='ocrx_word' id='word_1_494' title='bbox 1595 2650 1798 2688; x_wconf 87' lang='lat' dir='ltr'>videretur.</span> <span class='ocrx_word' id='word_1_495' title='bbox 1835 2646 1926 2684; x_wconf 88' lang='lat' dir='ltr'>Non</span> <span class='ocrx_word' id='word_1_496' title='bbox 1953 2645 2078 2683; x_wconf 85' lang='lat' dir='ltr'>minus</span> <span class='ocrx_word' id='word_1_497' title='bbox 2105 2648 2234 2681; x_wconf 81' lang='lat' dir='ltr'>autem</span> <span class='ocrx_word' id='word_1_498' title='bbox 2258 2639 2366 2679; x_wconf 79' lang='lat' dir='ltr'>idem</span> 
     </span>
    </p>
   </div>
   <div class='ocr_carea' id='block_1_18' title="bbox 2451 1694 2530 2171">
    <p class='ocr_par' dir='ltr' id='par_1_18' title="bbox 2451 1694 2530 2171">
     <span class='ocr_line' id='line_1_50' title="bbox 2451 1694 2530 2171; baseline 0 954"><span class='ocrx_word' id='word_1_499' title='bbox 2451 1694 2530 2171; x_wconf 95' lang='lat' dir='ltr'><strong><em> </em></strong></span> 
     </span>
    </p>
   </div>
   <div class='ocr_carea' id='block_1_19' title="bbox 2462 844 2530 964">
    <p class='ocr_par' dir='ltr' id='par_1_19' title="bbox 2462 844 2530 964">
     <span class='ocr_line' id='line_1_51' title="bbox 2462 844 2530 964; baseline 0 0"><span class='ocrx_word' id='word_1_500' title='bbox 2462 844 2530 964; x_wconf 95' lang='lat' dir='ltr'><strong><em>  </em></strong></span> 
     </span>
    </p>
   </div>
   <div class='ocr_carea' id='block_1_20' title="bbox 2474 2447 2530 2691">
    <p class='ocr_par' dir='ltr' id='par_1_20' title="bbox 2474 2447 2530 2691">
     <span class='ocr_line' id='line_1_52' title="bbox 2474 2447 2530 2691; baseline 0 434"><span class='ocrx_word' id='word_1_501' title='bbox 2474 2447 2530 2691; x_wconf 95' lang='lat' dir='ltr'><strong><em> </em></strong></span> 
     </span>
    </p>
   </div>
   <div class='ocr_carea' id='block_1_21' title="bbox 2312 2729 2530 3125">
    <p class='ocr_par' dir='ltr' id='par_1_21' title="bbox 2312 2729 2530 3125">
     <span class='ocr_line' id='line_1_53' title="bbox 2312 2729 2530 3125; baseline 0 0"><span class='ocrx_word' id='word_1_502' title='bbox 2312 2729 2530 3125; x_wconf 95' lang='lat' dir='ltr'><strong><em> </em></strong></span> 
     </span>
    </p>
   </div>
  </div>
 </body>
</html>
