2530 3125
516 251 533 265 ·»
550 230 736 280 habebit,
762 242 895 270 verum
920 196 1149 282 asyndeton
1156 243 1234 270 non
1259 231 1454 281 pertinere
1471 229 1520 268 ad
1536 230 1640 269 illam
1656 224 1858 281 rationem,
1885 245 1972 272 cum
1989 232 2110 272 verba

233 334 238 337 ,
263 333 273 343 Γ
329 284 589 344 ugmfioantla
613 296 718 330 recte
744 282 899 340 quidem
923 303 1001 328 non
1026 290 1178 340 possint
1202 289 1531 340 conjunctionibus
1557 289 1671 327 necti.

194 397 200 400 K
230 392 234 395 Α
258 351 264 356 ”
302 346 415 396 Idem
441 348 694 399 judicandum
721 354 780 387 est
814 348 863 387 de
894 349 1080 399 asyndeto
1112 349 1216 398 quod
1249 348 1392 386 dicitur
1415 348 1695 387 summativum.
1747 350 1856 389 Haec
1879 352 1981 390 enim
2007 352 2107 391 ratio

170 401 292 456 {cum
318 408 368 448 ab
393 422 458 458 aa,
485 421 599 458 quam
624 407 738 447 modo
764 408 1032 456 tractamus,
1058 420 1103 446 eo
1131 403 1294 455 differat,
1321 407 1425 456 quod
1450 420 1528 445 non
1554 420 1631 445 una
1656 421 1717 447 res
1743 422 1821 447 uno
1846 411 1906 449 vel
1932 410 2108 461 pluribus

151 508 153 510 ,
181 462 288 516 aliis
318 467 460 515 verbis,
498 466 567 506 sed
592 467 723 516 plures
748 479 825 504 uno
852 467 973 504 verbo
998 467 1060 504 vel
1085 467 1281 504 enuntiato
1309 472 1555 515 repetuntur,
1587 466 1682 504 haec
1707 468 1741 505 ei
1768 481 1856 506 cum
1881 470 1949 507 illa
1973 459 2108 508 simili·

186 520 193 573 ¹,
203 525 300 566 tudo
325 531 398 576 est,
424 526 529 575 quod
555 539 633 564 non
658 539 738 564 rem
764 538 923 575 prorsus
948 538 1101 573 novam,
1128 524 1193 564 sed
1222 525 1338 563 talem
1364 525 1524 574 inducit,
1553 539 1651 574 quae
1674 527 1752 576 jam
1772 528 1965 577 prioribus
1984 529 2105 580 signi-

150 593 157 598 ’“
203 584 341 624 ficetur
367 590 482 634 atque
507 580 732 623 illustretur.
784 582 968 632 Sequitur
994 584 1033 621 in
1058 583 1130 622 hac
1154 597 1306 633 quoque
1334 585 1482 622 ratione
1509 585 1539 623 si
1566 597 1662 633 quae
1689 586 1745 623 vis
1772 586 1883 635 insit,
1918 601 2002 627 eam
2027 602 2106 627 non

204 644 280 684 nisi
312 645 402 683 inde
428 657 541 694 posse
568 645 681 692 oriri,
721 643 824 693 quod
849 644 963 693 plura
988 657 1062 681 uno
1088 644 1228 681 iterum
1255 657 1341 681 cum
1369 645 1557 693 gravitate
1583 646 1955 693 comprehendantur
1981 654 2019 686 et
2045 661 2106 686 re-

201 709 392 755 pet-antur.
443 703 547 741 Nam
574 704 607 742 si
634 703 695 751 id,
727 702 831 752 quod
855 702 1018 740 efficitur
1044 716 1090 740 ex
1116 702 1307 753 pluribus,
1334 702 1390 741 his
1416 703 1600 753 singulari
1627 704 1795 752 quodam
1821 706 1941 743 verbo
1968 707 2106 758 adjun-

204 774 295 813 gere
326 763 520 810 volumus,
559 776 635 799 non
667 775 736 811 per
762 763 1060 811 conjunctiones,
1099 762 1165 799 sed
1191 762 1347 799 fortasse
1373 775 1440 809 per
1462 762 1572 808 ὅλως,
1611 763 1751 807 ἁπλῶς,
1791 766 1834 801 τὸ
1860 767 1898 802 δὲ
1923 768 1997 803 πᾶν
2022 767 2106 804 fieri

209 826 353 872 potest3
380 826 516 859 contra
543 834 613 871 per
639 816 718 865 οὖν,
744 820 832 869 ἄρα,
859 825 997 864 τοίνυν,
1023 822 1067 865 δή
1086 820 1375 870 significaretur,
1403 821 1681 858 conclusionem
1699 824 1883 871 proximis
1902 825 2104 875 contineri,

202 893 279 917 non
310 888 506 918 summam.
558 882 688 929 Atque
718 880 830 929 hujus
862 880 1014 928 quidem
1048 880 1205 915 rationis
1238 880 1411 928 exempla
1445 894 1467 914 a
1492 880 1600 916 nobis
1627 881 1739 930 allata
1765 884 1890 918 omnia
1917 885 2104 933 ejusmodi

203 945 311 985 sunt,
349 946 393 974 ut
425 952 471 975 ea
507 941 611 987 ipsa,
651 952 813 986 quorum
845 952 990 974 summa
1015 944 1151 985 postea
1178 940 1422 986 exprimitur,
1462 939 1671 980 ἀσυνδέτως
1697 941 1797 975 inter
1824 954 1862 977 se
1891 944 2100 978 succedant

202 995 263 1036 Cf.
301 996 382 1045 IV,
422 997 481 1035 33.
520 998 608 1043 τοὺς
633 995 880 1045 οτρατιώτας,
920 997 991 1040 τὰς
1017 998 1190 1045 τριήρεις,
1229 997 1313 1041 τοὺς
1338 996 1487 1041 ἱππέας,
1527 996 1652 1041 ἐντὲλη
1679 999 1804 1035 πᾶσαν
1838 1001 1903 1044 τὴν
1930 1001 2100 1048 δύναμιν.

0 1060 46 1086 ''21“
200 1054 326 1103 XIX,
364 1056 446 1091 215.
484 1058 815 1100 ἀναισχυντοῦσιν,
854 1055 1073 1101 ἀρνοῦνται,
1112 1054 1321 1103 προγάοεις
1359 1055 1602 1096 πλάττονται,
1644 1054 1770 1092 πάντα
1808 1060 1978 1093 ποιοῦσιν
2012 1060 2099 1106 ὑπὲρ

199 1113 269 1152 τοῦ
293 1113 343 1161 μὴ
370 1115 501 1151 δοῦναι
527 1116 643 1160 δίκην.
696 1113 818 1162 XIX,
851 1114 933 1152 201.
971 1112 1192 1163 δωροδόκος,
1225 1114 1358 1158 κόλαξ,
1391 1120 1473 1156 ταῖς
1499 1112 1610 1160 ἀραῖς
1635 1116 1783 1158 ἔνοχος,
1820 1116 1999 1162 ψεύστης,
2027 1119 2102 1153 τῶν

198 1174 321 1220 φίλων
346 1171 537 1219 προδότης,
563 1172 665 1209 πάντ’
695 1176 811 1209 ἔνεστι
838 1176 886 1208 τὰ
911 1173 1143 1208 δεινότατα.μ
1170 1171 1324 1217 XVIII,
1351 1173 1433 1209 311.
1461 1171 1668 1208 Aeschines
1695 1173 1909 1209 nominatur
1935 1177 2102 1221 λαμπρο-

202 1232 434 1281 φονωτατος,
460 1232 798 1278 μνημονικώτατος,
826 1229 1023 1279 ὑποκριτὴς
1041 1229 1202 1278 ἄριστος,
1231 1229 1406 1280 τραγικὸς
1427 1231 1634 1279 Θεοκρίνης.
1670 1230 1776 1280 XIX,
1804 1232 1884 1270 178.
1910 1231 1997 1270 Hoc
2015 1232 2100 1271 loco

206 1295 336 1327 orator
359 1295 561 1338 postquam
588 1291 709 1327 multa
735 1290 981 1337 enumeravit,
1010 1303 1107 1338 quae
1134 1289 1363 1327 Aeschinem
1390 1290 1608 1338 peccavisse
1636 1290 1964 1338 demonstraverit,
1993 1299 2101 1340 post·

204 1361 308 1386 remo
335 1348 429 1386 dicit
455 1349 559 1388 οὐδὲν
586 1350 823 1387 ἐλλελοιπότα
848 1351 1065 1396 μοχθηρίας
1091 1362 1142 1387 sc.
1170 1347 1285 1385 αὐτὸν
1312 1347 1486 1394 ἐπέδειξα.
1529 1348 1654 1395 XXII,
1683 1350 1741 1386 57.
1768 1353 1906 1387 ἔνεστιν
1933 1351 2000 1399 (sc.
2020 1357 2101 1395 τοῖς

199 1406 345 1457 νόμοις)
370 1410 485 1455 ἔλεος,
512 1407 723 1454 συγγνώμη,
750 1407 870 1444 πάνθ’
896 1406 969 1443 ὅσα
994 1406 1168 1453 προσήκει
1195 1412 1271 1449 τοῖς
1296 1405 1517 1453 ἐλευθέροις.
1560 1407 1702 1455 XXIII,
1733 1409 1813 1444 114.
1840 1408 2100 1455 κατελάμβανε

199 1464 267 1510 τὰς
292 1469 427 1510 πόλεις,
454 1465 586 1513 ἢὸέκει,
614 1466 769 1509 μεθύων
796 1468 975 1514 ἐπαρῴνει
1004 1494 1011 1502 .
1040 1497 1047 1504 .
1076 1496 1083 1502 .
1114 1494 1134 1513 .,
1162 1465 1227 1509 τὴν
1252 1466 1380 1514 χώραν
1406 1468 1563 1503 strowi&
1591 1469 1739 1509 ἑαυτοῦ,
1768 1468 1809 1503 τό
1835 1469 1987 1513 πρᾶγμα
2003 1467 2099 1512 ἀμή-

196 1537 319 1569 χανον
344 1520 398 1570 ἦν.

302 1582 381 1622 Sed
416 1585 470 1623 eis
502 1597 652 1633 quoque
684 1584 797 1632 locis,
836 1583 976 1632 quibus
1010 1582 1103 1630 quid
1130 1596 1175 1620 ex
1201 1582 1390 1631 prioribus
1419 1582 1800 1631 proficisci'dicatur,
1841 1584 1921 1631 ipse
1948 1589 2100 1622 senten-

200 1642 339 1680 tiarum
367 1657 486 1682 nexus
511 1648 589 1681 tam
616 1649 722 1680 artus
751 1648 821 1690 est,
854 1648 909 1689 ut,
936 1642 1111 1691 quamvis
1139 1656 1201 1679 eae
1228 1642 1375 1690 possint
1402 1641 1731 1691 conjunctionibus
1759 1642 1943 1690 copulari,
1970 1648 2100 1679 tamen

200 1701 261 1738 his
292 1715 454 1751 prorsus
488 1715 561 1739 non
590 1715 687 1751 opus
714 1702 772 1739 sit.
824 1700 865 1738 Si
892 1702 989 1737 enim
1015 1702 1111 1737 hanc
1138 1701 1319 1737 rationem
1347 1714 1432 1737 eum
1459 1701 1639 1750 asyndeto
1667 1701 1895 1749 explicativo
1922 1702 1982 1737 vel
2009 1714 2100 1738 con-

199 1760 389 1799 firmativo
424 1762 746 1811 comparabimus,
779 1761 872 1798 nihil
900 1760 1116 1798 videbimus
1143 1761 1241 1796 inter
1269 1766 1471 1808 utrumque
1498 1761 1696 1806 interesse,
1730 1761 1801 1797 nisi
1830 1760 1934 1807 quod
1962 1761 1999 1797 in
2027 1760 2101 1798 hac

201 1819 346 1857 ratione
377 1821 486 1870 prius
517 1820 727 1857 membrum
760 1833 913 1858 causam
941 1820 1123 1866 continet,
1150 1819 1187 1855 in
1215 1819 1279 1855 illa
1307 1819 1508 1868 posterius.
1559 1819 1735 1866 Utroque
1762 1832 1850 1855 vero
1879 1819 1990 1855 modo
2015 1820 2101 1868 ipsa

201 1880 411 1917 sententiae
439 1881 476 1917 vi
494 1880 652 1917 alterum
671 1881 792 1917 altero
813 1893 869 1926 eo,
897 1878 1000 1927 quod
1020 1879 1325 1916 consecutionem
1347 1878 1527 1924 continet,
1553 1879 1709 1915 inferius
1737 1884 1805 1924 est,
1834 1878 1887 1914 ita
1907 1884 1949 1915 ut
1968 1892 2099 1915 verum

198 1936 354 1985 quidem
380 1938 591 1988 asyndeton
617 1939 692 1975 huc
718 1952 792 1975 non
820 1938 1019 1987 pertineat.

299 1996 347 2035 In
387 1998 546 2036 eandem
584 1999 769 2036 rationem
804 2011 880 2035 non
915 1997 1166 2034 dubitaverim
1201 1997 1286 2035 illos
1313 1997 1415 2034 locos
1440 1997 1594 2043 referre,
1635 1996 1772 2045 quibus
1798 1996 1874 2033 duo
1903 1997 2100 2034 enuntiata

199 2056 426 2106 principalia
459 2060 541 2108 ejus
573 2058 676 2094 modi
710 2062 859 2105 extant,
901 2062 942 2093 ut
976 2058 1082 2106 prius
1119 2070 1250 2093 eorum
1285 2070 1355 2105 pro
1389 2056 1639 2092 condicionali
1666 2056 1833 2105 positum
1860 2057 1919 2093 sit.
1972 2054 2101 2101 Quem

198 2127 341 2154 nexum
367 2129 452 2154 cum
479 2117 589 2155 multi
616 2117 670 2157 sic
696 2118 1006 2165 interpretentur,
1032 2122 1074 2153 ut
1100 2116 1216 2165 priori
1243 2115 1438 2153 enuntiato
1466 2115 1733 2164 interrogativa
1758 2116 1815 2153 vis
1841 2115 1944 2162 insit,
1972 2121 2099 2153 tamen

200 2174 448 2225 rejiciendum
474 2176 546 2215 hoc
571 2181 676 2227 puto,
705 2176 846 2226 quippe
874 2175 978 2225 quod
1006 2182 1044 2213 et
1071 2176 1110 2213 in
1136 2176 1344 2213 multorum
1372 2175 1541 2211 locorum
1568 2187 1720 2212 sensum
1746 2174 1899 2212 minime
1928 2174 2038 2213 cadat
2063 2180 2101 2213 et

0 2239 45 2285 ’δ’
198 2235 354 2271 omnino
380 2250 403 2272 a
428 2249 568 2284 magna
594 2237 659 2272 illa
686 2237 736 2282 vi,
764 2249 862 2282 quae
886 2236 954 2271 tali
981 2237 1119 2271 rationi
1146 2236 1255 2278 inest,
1284 2235 1394 2282 plane
1422 2234 1634 2270 abhorreat.
1672 2234 1756 2270 Nec
1783 2235 1881 2270 enim
1908 2235 2101 2283 intellego,

13 2292 45 2325 'A
198 2291 302 2341 unde
336 2306 449 2331 causa
484 2294 606 2343 possit
637 2294 740 2331 illius
773 2293 973 2343 gravitatis
1006 2293 1145 2342 repeti,
1186 2293 1257 2329 nisi
1284 2306 1353 2341 pro
1380 2292 1525 2340 protasi
1552 2291 1825 2340 condicionali,
1860 2293 2100 2329 enuntiatum

202 2351 416 2402 principale
448 2354 502 2392 ita
534 2354 702 2403 positum
735 2366 815 2392 esse
842 2358 1072 2402 statuamus,
1106 2352 1215 2401 quasi
1241 2351 1289 2389 de
1317 2365 1357 2389 re
1382 2366 1480 2399 vera,
1508 2365 1582 2389 non
1607 2353 1695 2390 ficta
1722 2358 1869 2402 agatur.
1922 2352 2100 2391 Alterum

198 2421 290 2447 vero
331 2413 571 2450 enuntiatum
602 2426 687 2450 cum
724 2418 906 2461 exponat,
946 2412 1039 2461 quid
1071 2424 1151 2448 rem
1181 2416 1265 2448 ante
1296 2411 1420 2447 fictam
1455 2410 1731 2460 subsequatur,
1773 2412 1883 2459 quasi
1911 2411 2099 2464 apodosin

195 2470 369 2507 continet
394 2485 465 2510 nec
492 2478 620 2522 potest
644 2473 796 2509 omnino
822 2485 908 2509 cum
934 2472 1080 2522 protasi
1107 2470 1302 2520 particulis
1330 2471 1519 2519 conjungi.
1556 2470 1615 2507 Cf.
1640 2469 1717 2518 III,
1745 2470 1804 2509 34.
1831 2471 1970 2516 ὲξεστιν
1993 2472 2100 2518 ἄγειν

197 2525 370 2575 ἦσυχίαν.
417 2535 517 2577 οἴχοι
556 2531 675 2579 μένων
703 2562 711 2572 .
739 2562 747 2570 .
776 2562 784 2570 .
812 2546 832 2570 .·
860 2533 1056 2580 συμβαίνει
1094 2545 1128 2567 τι
1168 2531 1333 2567 τοιοῦτον
1377 2529 1455 2567 οἷον
1498 2532 1561 2566 καὶ
1606 2531 1680 2567 νῦν·
1725 2529 1953 2579 στρατιώτης
1984 2529 2101 2573 αὐτὸς

0 786 32 811 314⁶

0 815 19 831 ζ
31 824 43 829 .-

0 834 26 862 §.a
39 841 52 858 θ’

0 865 14 886 ⁵..
22 876 26 880 ·
38 889 40 891 q

0 910 24 976 ξ

0 978 7 998 ’ὲ
