2530 3125
435 330 534 376 quae
557 325 633 365 tria
645 306 893 376 colliguntur
917 322 994 363 1100
1017 324 1206 363 membro:
1231 325 1300 362 τοῦ
1324 329 1444 363 ποιεῖν
1467 322 1583 362 τοῦθ’
1609 308 1631 361 0
1648 327 1706 360 τι
1701 306 1813 364 «καθ
1839 323 1999 368 vm-

436 384 525 424 ὅτου
549 383 681 453 καιρὸς
703 388 772 430 εἴη
822 382 939 434 VIII,
965 385 1025 423 29.
1064 383 1267 434 ψήφισμα,
1293 384 1527 431 εἰσαγγελία,
1550 381 1731 433 πάραλος.
1783 381 1851 421 56..
1866 381 1933 420 τὸν
1946 383 2036 432 μὴ
2037 386 2165 434 [mg'ffi‘

433 443 713 494 στρατεύοντα,
746 444 972 488 ἀδικοῦντα,
998 446 1120 486 πόλεις
1146 442 1502 490 καταλαμβάνοντα.
1554 443 1613 482 66.
1638 440 1877 488 συμμάχους,
1902 443 2047 485 πίστιν,
2072 439 2223 482 em

431 501 603 551 πρέσβεις
629 501 824 549 ἐκπέμπειν
847 509 1042 547 πανταχοῖ
1056 516 1143 545 τους
1162 500 1395 545 διδάξοντας,
1420 500 1734 545 νουθετήσοντας,
1760 497 2009 549 πράξοντας“’
1990 513 2063 536 οσα
2078 497 2129 536 ἄν
2144 499 2331 550 m

434 561 513 610 IX,
542 561 602 599 18.
628 565 726 599 τίσιν
753 556 819 599 οὖν
847 560 948 607 ὑμεῖς
974 558 1239 598 κινδυνεύσαιτ’
1270 558 1330 602 ἂν,
1356 564 1393 597 εὶ
1414 574 1448 596 τι
1474 557 1638 607 7ένοιτος
1665 560 1717 607 τῷ
1744 558 1810 596 τὸν
1830 557 2114 603 Ἑλλήσποντον
2124 557 2342 609 ὑμῖνὰλλῇ-

434 621 661 668 τριωθῆναι,
688 621 740 656 τιῦ
766 619 956 668 Μεγάρων
981 622 1046 656 και
1074 621 1137 663 τῆς
1158 617 1328 665 Εὐβοιας
1354 618 1419 654 τὸν
1444 620 1677 665 πολεμοῦνθ’
1703 617 1789 665 ὑμῖν
1814 615 1998 664 γενέσθαι
2023 615 2165 665 κύριον,
2181 618 2258 666 τῷ
2255 617 2341 656 Eu..

434 682 704 724 λοποννησίους
729 678 904 716 τάκείνου
930 680 1129 729 φρονῆσαι.
1165 676 1321 725 XVIII,
1349 677 1408 715 65.
1434 677 1476 715 τὸ
1501 677 1660 725 ἀξίωμα,
1687 677 1753 722 τὴν
1779 676 1992 725 ἡγεμονίαν,
2017 674 2084 722 τήν
2109 677 2341 727 ἐλευθερίαν.
2360 728 2363 731 .

435 740 495 776 67.
525 736 649 787 ἑώρων
680 739 714 775 δ’
748 736 864 775 αὑτὸν
890 737 956 774 τὸν
984 736 1171 774 Φίλιππον
1199 766 1206 774 .
1235 765 1242 773 .
1271 764 1279 772 .
1307 763 1316 772 .
1344 736 1410 773 τὸν
1438 736 1669 805 ὀφθαλμὸν
1675 734 1956 783 ἐκκεκομμένον,
1983 735 2051 780 τὴν
2075 737 2177 773 κλεῖν
2201 736 2348 775 κακέ

432 798 543 846 γότα,
568 798 635 843 τὴν
659 802 781 847 χεῖρα,
807 797 852 833 τὸ
878 795 1010 840 σκέλος
1036 795 1305 845 πεπηρωμένον.
1341 796 1399 836 86.
1426 798 1478 833 τῶ
1502 797 1623 844 νικᾶν,
1651 794 1705 833 ὅτ’
1731 796 1991 844 ἐβουλεύεσθε,
2016 793 2133 842 λέγων
2158 797 2223 834 καὶ
2247 795 2341 853 γρά-

432 872 536 908 φων,
569 858 622 905 τῷ
649 856 974 905 καταπραχθῆναι
1001 856 1050 893 τά
1076 854 1270 905 γραφέντα
1298 883 1306 891 .
1335 884 1343 892 .
1373 883 1381 891 .
1409 882 1431 898 ,
1458 857 1509 903 τῷ
1537 856 1680 898 θυσιας
1706 861 1785 897 τοῖς
1815 856 1924 898 θεοῖς
1948 856 2013 891 καὶ
2039 853 2291 903 προσόδους..

432 916 530 963 ὑμᾶς
555 917 798 960 πεποιῆσθαι.
849 915 933 954 249.
960 915 1125 963 γραφὰς,
1153 914 1331 958 εὐθύνας,
1358 917 1604 961 εἰσαγγελιας.
1655 913 1777 961 XIX,
1804 914 1863 951 59.
1889 912 2036 958 δεκάτη,
2062 914 2187 958 ἐνάτη,
2212 902 2339 961 ὀγδόη.

434 976 517 1013 179.
557 982 636 1018 τοῖς
674 974 820 1021 νόμοις,
855 980 934 1016 τοῖς
965 978 1209 1022 ψηφίσμασι,
1248 980 1324 1016 τοῖς
1358 976 1527 1016 δικαίοις.
1582 973 1663 1009 190.
1702 973 1724 1017 ἡ
1749 972 1901 1020 βουλὴ.
1931 1001 1939 1009 .
1967 1000 1976 1010 .
2004 982 2024 1008 .·
2058 976 2096 1010 οι
2121 975 2347 1019 στρατηγοὶ,

432 1033 569 1083 σχεδὸν
596 1032 645 1077 ὡς
677 1036 792 1070 εἰπεῖν
823 1037 865 1071 αἱ
896 1031 1015 1081 ἀρχαί
1041 1034 1169 1069 πᾶσαι.
1224 1031 1308 1068 231.
1341 1032 1508 1075 ἑαυτοὺς.
1532 1031 1598 1077 τὴν
1624 1031 1745 1075 πόλιν,
1770 1034 1859 1076 τοὺς
1884 1032 2027 1069 ἑαυτῶν
2052 1032 2203 1075 παῖδας.
2252 1031 2338 1070 237.

431 1093 645 1141 πρεσβειῶν,
672 1093 921 1138 στρατηγιῶν,
948 1092 1021 1126 τῶν
1044 1095 1228 1136 μεγίστων
1256 1094 1381 1135 τιμῶν,
1435 1091 1517 1126 272.
1544 1090 1670 1136 γέλως,
1697 1091 1817 1132 ἄδεια,
1844 1090 2015 1135 αἰσχύνη.
2068 1091 2152 1129 308.
2178 1090 2278 1128 εἶναι’
2298 1105 2340 1131 τε

432 1150 498 1189 τὸν
537 1150 724 1188 Φίλιππον
760 1149 877 1187 αὐτὸν
911 1148 1234 1193 Ἑλληνικώτατον
1273 1148 1505 1198 ἀνθρώπων,
1547 1148 1762 1187 δεινότατον
1794 1146 1931 1196 λέγειν,
1969 1149 2337 1199 φιλαθηναιότατον.

431 1210 516 1247 299.
549 1209 568 1247 ὁ
596 1209 708 1252 Ζεὺς,
743 1209 764 1254 ἡ
791 1208 933 1252 Διώνη,
972 1208 1110 1250 πάντες
1137 1212 1173 1245 οἱ
1202 1210 1298 1247 θεοί.
1352 1209 1434 1247 343.
1466 1208 1659 1256 χρήματα,
1691 1208 1824 1253 δόξαν,
1851 1208 2028 1258 ἀφορμήν
2054 1213 2094 1245 et
2118 1208 2345 1255 πράγματα,

431 1269 655 1314 ἀπεχθείας,
683 1267 851 1316 φθόνον.
890 1267 986 1314 XX,
1014 1269 1074 1303 51.
1101 1267 1224 1310 πόλεις
1250 1266 1352 1311 ὕλας,
1379 1268 1446 1311 τας
1472 1269 1614 1304 ἑαυτῶν
1639 1269 1832 1315 πατρίδας,
1860 1266 2096 1314 συμμάχους.
2133 1266 2250 1316 ΧΧῙ,
2266 1267 2338 1305 72.

431 1329 484 1377 τῷ
511 1326 696 1375 σχήματι,
736 1328 787 1375 τῷ
813 1325 1016 1376 βλέμματι,
1057 1328 1102 1374 τῇ
1129 1328 1247 1376 ([ωνῇ.
1302 1327 1384 1363 101.
1422 1325 1493 1373 ἐγώ
1524 1340 1579 1369 τις
1612 1324 1741 1363 οὑτοσὶ
1766 1324 1913 1375 μέτριος
1938 1326 2028 1376 πρὸς
2053 1325 2224 1371 ἅπαντάς
2249 1330 2337 1375 εἰμι,

431 1387 611 1433 ἐλεήμων,
643 1381 683 1423 εἶ·
716 1389 832 1423 ποιῶν
858 1387 1017 1429 πολλοὺς
1045 1393 1081 1423 01
1107 1388 1226 1434 ἔτερος
1253 1382 1362 1429 οὗτός
1388 1402 1442 1429 τις
1467 1389 1603 1433 βίαιος,
1632 1384 1766 1423 οὐδένα
1793 1386 1871 1422 οὔτ’
1897 1388 2007 1424 ἐλεῶν
2034 1385 2121 1423 οὔθ’
2152 1385 2246 1431 ὅλως
2271 1386 2337 1425 ἄν-

430 1447 592 1493 θρωπον
618 1444 829 1491 ἡγούμενος.
869 1445 950 1481 139.
979 1446 1227 1487 Πολύευκτος,
1258 1445 1508 1491 Τιμοκράτης,
1533 1445 1750 1490 Εὐκτήμων.
1786 1443 1945 1492 ΧΧΙΙΙ,
1972 1444 2056 1483 238.
2086 1444 2336 1493 Χερρόνησον,

428 1503 668 1553 Ἀμφίπολιν,
695 1503 810 1548 δόξαν
836 1507 953 1551 ἔργων
979 1506 1113 1541 καλῶν.
1166 1503 1322 1550 XXIV,
1350 1503 1408 1541 60.
1436 1508 1472 1540 οἱ
1497 1504 1735 1550 προδιδόντες
1761 1518 1796 1540 τι
1824 1505 1897 1540 τῶν
1922 1506 2068 1547 κοινῶν,
2097 1507 2134 1540 οἱ
2159 1503 2246 1549 τοὺς
2270 1518 2336 1552 γο-

430 1560 517 1607 νέας
544 1563 760 1604 κακοῦντες,
789 1566 825 1599 οἱ
849 1562 899 1609 μὴ
926 1562 1109 1609 καθαρὰς
1133 1562 1200 1605 τας
1224 1569 1353 1610 χεῖρας
1379 1565 1536 1607 ἔχοντες.
1572 1562 1631 1598 34.
1658 1562 1775 1605 πόλις,
1802 1561 1927 1605 οὐσία,
1953 1563 2086 1611 πατὴρ.
2122 1561 2252 1610 XLV,
2277 1562 2336 1600 36.

431 1628 511 1664 τοῖς
543 1621 680 1662 εἰκόσι,
718 1628 797 1663 τοῖς
827 1623 997 1668 χρόνοις,
1037 1628 1115 1663 τοῖς
1146 1620 1424 1669 πεπραγμένοις.
1476 1620 1549 1658 His
1584 1634 1672 1658 vero
1706 1634 1793 1658 011111
1820 1621 2002 1670 exemplis
2028 1634 2117 1659 cave
2145 1635 2190 1659 ea
2215 1621 2337 1659 multa

433 1677 660 1725 confundas,
688 1678 830 1726 quibus
857 1678 1029 1716 notiones
1056 1679 1135 1716 sine
1163 1679 1361 1727 particulis
1389 1679 1627 1716 continuatae
1653 1692 1729 1715 una
1755 1692 1853 1727 quae
1878 1679 2070 1728 praecedit
2088 1679 2334 1729 comprehen-

432 1739 596 1784 duntur,
630 1738 683 1774 ita
718 1744 760 1775 ut
793 1738 842 1775 ad
867 1738 971 1775 illam
1000 1739 1186 1775 rationem
1213 1738 1412 1775 referenda
1437 1739 1530 1786 sint,
1563 1753 1639 1787 qua
1667 1752 1744 1776 rem
1771 1739 1947 1778 universe
1974 1740 2034 1777 vel
2060 1739 2244 1777 indirecte
2268 1744 2336 1778 aut

432 1797 633 1837 obscurius
673 1796 879 1834 indicatam
918 1797 1100 1847 explicari
1139 1798 1354 1835 accuratius
1394 1799 1472 1847 jam
1503 1810 1622 1847 supra
1655 1810 1725 1836 nos
1759 1798 2017 1847 exposuimus.
2069 1797 2178 1845 Quae
2209 1802 2335 1837 tamen

431 1858 605 1905 exempla
637 1869 724 1892 011111
758 1857 894 1894 afferre
921 1864 1011 1894 tune
1038 1870 1164 1894 errore
1191 1858 1356 1905 quodam
1381 1858 1636 1903 omiserimus,
1669 1857 1743 1894 11οο
1775 1858 1859 1894 1000
1886 1858 1998 1895 liceat
2024 1858 2219 1896 occasione
2244 1857 2336 1895 data

430 1915 584 1956 addere.
638 1914 698 1954 Cf.
725 1914 780 1965 II,
808 1916 854 1954 28
882 1915 931 1954 τά
958 1918 995 1954 δὲ
1024 1916 1212 1964 λήμματα,
1239 1917 1472 1965 Λάμψακος,
1501 1917 1671 1964 Σίγειον,
1699 1916 1747 1954 τα
1770 1918 1883 1954 πλοῖα
1910 1916 1936 1954 ἂ
1953 1918 2124 1955 συλῶσιν.
2176 1915 2249 1961 IV,
2274 1916 2335 1955 35.

428 1978 573 2019 πάντας
598 1976 686 2018 τοὺς
711 1976 957 2020 ἀποστόλους,
986 1977 1050 2013 τὸν
1076 1982 1126 2019 εἰς
1146 1975 1350 2020 ΠΙεθώνη-ν,
1377 1977 1441 2012 τὸν
1460 1981 1510 2019 εἰς
1530 1976 1731 2023 Παγασὰς,
1758 1977 1824 2013 τὸν
1842 1981 1893 2020 εἰς
1912 1978 2136 2014 Ποτίδαιαν.
2172 1975 2249 2025 IX,
2276 1978 2334 2019 58.

428 2042 526 2086 τρεῖς
552 2035 770 2082 τυράννους,
789 2033 1008 2084 Ἵππαρχον,
1033 2033 1306 2081 .·1ὑτομέδοντα,
1336 2034 1587 2082 Κλείταρχον.
1639 2034 1796 2083 XVIII,
1826 2035 1907 2075 100.
1932 2039 2048 2085 μυρία
2074 2038 2201 2073 τοίνυν
2225 2037 2334 2086 ἕτερα

427 2097 541 2132 εἰπεῖν
573 2098 671 2139 ἔχων
703 2097 938 2143 παραλείπω,
972 2098 1203 2141 ναυμαχίας,
1236 2095 1383 2138 ἐξόδους
1410 2094 1535 2138 πεζας,
1567 2100 1772 2143 στρατείας.
1825 2095 1907 2132 302.
1946 2097 1995 2132 τα
2019 2098 2085 2142 μὲν
2111 2124 2120 2132 .
2147 2124 2156 2132 .
2183 2124 2193 2134 .
2222 2124 2245 2143 .,
2267 2095 2334 2140 τὴν

429 2155 721 2202 Προκόννησον.
754 2154 820 2198 τὴν
850 2154 1108 2205 Χερρόνησον,
1141 2153 1205 2198 τὴν
1241 2152 1400 2191 Τένεδον
1427 2158 1465 2190 et
1491 2153 1539 2190 τα
1566 2155 1620 2197 δὲ,
1654 2154 1697 2191 τὸ
1728 2155 1952 2200 Βυζάντιον,
1979 2155 2045 2200 τὴν
2065 2154 2240 2202 Ἄβυδον,
2265 2153 2333 2200 τὴν

429 2212 613 2261 Εὔβοιαν.
650 2212 745 2260 XX,
776 2217 831 2251 10.
857 2217 943 2261 τριά
968 2213 1041 2260 γάρ
1069 2214 1116 2249 τα
1134 2211 1291 2259 μέγιστα
1311 2212 1431 2256 ὀνείδη
1449 2215 1599 2260 κτᾶται,
1626 2214 1854 2263 φθονεροὺς,
1880 2214 2073 2256 ἀπίστους,
2101 2214 2333 2263 ἀχαρίστους

428 2272 526 2310 εἶναι
572 2274 709 2310 δοκεῖν.
778 2274 836 2312 60.
887 2272 980 2320 ἅπερ
1007 2301 1015 2309 .
1042 2303 1050 2312 ,
1079 2301 1086 2308 .
1114 2303 1121 2310 .
1150 2274 1328 2321 προσῆκε,
1380 2273 1590 2320 προξενίαν,
1642 2273 1870 2321 εὐεργεσίαν,
1920 2273 2104 2311 εὐτέλειαν
2146 2272 2332 2318 ἁπάντων.

427 2329 602 2380 XXIII,
648 2331 729 2369 180.
771 2336 807 2368 οἱ
841 2334 1135 2379 στρατηγοῦντες
1169 2331 1312 2378 αὐτοῖς,
1346 2333 1515 2380 Βιάνωρ,
1556 2332 1575 2367 ὁ
1608 2333 1762 2379 Σίμων,
1796 2332 1815 2369 ὁ
1840 2332 2113 2380 Ἀθηνόδωρος.
2164 2331 2241 2380 IX,
2274 2332 2331 2377 70.

426 2391 593 2438 XVIII,
627 2392 708 2429 124.
747 2393 828 2428 159.
864 2392 950 2430 234.
983 2392 1066 2427 248.
1101 2392 1184 2428 318.
1219 2392 1300 2430 322.
1352 2391 1473 2438 XIX,
1507 2393 1565 2428 62.
1594 2393 1653 2431 65.
1681 2393 1739 2429 92.
1770 2394 1850 2429 145.
1881 2393 1962 2431 180.
1992 2392 2072 2431 190.
2109 2389 2245 2439 ’ΧΧῙ,
2271 2392 2332 2430 38.

424 2448 629 2497 XXXIX,
656 2450 690 2486 9.
742 2449 833 2498 LX,
863 2450 919 2486 16.
963 2448 1165 2486 Praeterea
1190 2449 1280 2487 haee
1307 2451 1404 2487 inter
1431 2455 1598 2498 quatuor
1625 2450 1686 2487 vel
1711 2450 1823 2499 plura
1849 2450 2017 2488 membra
2041 2450 2227 2500 asyndeta
2253 2462 2330 2488 non

427 2522 530 2546 vera:
569 2509 646 2556 IV,
677 2512 737 2547 40.
778 2509 880 2555 ὑμεῖς
906 2512 943 2546 δὲ
970 2513 1143 2553 πλείστην
1170 2510 1327 2556 δύναμιν
1352 2510 1529 2547 ἁπάντων
1554 2512 1717 2554 ἔχοντες,
1756 2511 1932 2558 τριήρεις,
1972 2510 2144 2554 ὁπλίτας,
2183 2508 2331 2558 ἱππέας,

423 2567 628 2618 χρημάτων
654 2566 852 2620 πρόσοδον.
903 2567 976 2617 ΙΧ,
1002 2569 1059 2606 71.
1088 2574 1287 2613 πανταχοῖ,
1311 2572 1361 2613 εἰς
1389 2569 1692 2615 Πελοπόννησον,
1719 2572 1769 2612 εἰς
1790 2567 1939 2612 Ῥόδον,
1966 2573 2017 2612 εὶς
2045 2570 2159 2618 Χῖον,
2184 2568 2234 2613 ὠς
2258 2569 2330 2618 βα-
