2530 3125
474 328 480 332 ἡ
536 269 739 333 τοξότας,
746 257 896 337 ξὲνόυς,
915 268 1088 320 τοιοῦτον
1104 280 1336 330 ἐξηρτῆσθαι
1354 244 1625 330 στρατόπεδον.
1667 270 1788 330 XIX,
1814 283 1874 323 60.
1900 272 2017 330 ὀγδόη
2033 285 2115 320 τοί-

174 350 214 390 ,J
362 359 416 392 ,μ
470 332 589 390 Jahn,
613 338 771 388 πέμπτη,
796 340 936 387 τετράς.
972 340 1055 378 141.
1081 338 1315 387 Ὀρχομενὸς,
1334 339 1548 388 Κορώνεια,
1568 338 1738 401 Κορσιά,
1757 342 1801 378 τὸ
1825 339 2113 395 Τιλφωᾰοαῶν,

200 391 560 450 ’ξῇιτωίῷωκέων
581 397 709 446 χώρᾶς
734 397 875 442 ὁπόσην
899 395 1117 444 βούλονται.
1168 392 1263 443 XX,
1291 397 1373 436 158.
1404 398 1586 445 χερνίβων
1611 427 1619 435 .
1648 426 1657 435 .
1684 427 1692 434 .
1719 425 1742 441 .,
1767 400 1947 442 σπονδῶν,
1972 400 2112 447 κρατή-

202 469 296 505 pm,
319 456 440 507 ἱερῶν,
464 455 619 507 ἀγορᾶς.
654 454 765 504 LIV,
793 456 827 495 7.
860 454 1015 503 LVIII,
1042 456 1101 492 65.
1127 458 1313 503 ἐργασίαι,
1339 457 1461 502 νόμοι,
1488 456 1726 505 δικαστήρια,
1745 456 1939 505 μάρτυρες,
1956 456 2109 505 ἀγοραί.

206 504 371 566 XXIV,
410 514 493 553 119.
530 521 609 559 τοῖς
633 512 827 562 κλέπταις,
868 521 947 559 τοῖς
972 515 1194 564 ἱεροσύλοις,
1233 521 1312 558 τοῖς
1337 516 1601 561 πατραλοιόιις,
1631 522 1710 559 τοῖς
1736 514 2006 565 ἀνδροφόνοις,
2031 523 2112 560 τοῖς

155 617 160 620 ς
183 570 493 626 »ἆστρατεύτοιμ
531 579 613 617 τοῖς
644 574 791 611 λιποῦσι
825 573 892 617 τας
918 572 1051 619 ταξεις.
1102 572 1182 610 Hic
1211 585 1326 611 sensu
1360 585 1531 621 quoque
1539 572 1822 622 bipartitionem
1848 579 1977 611 extare
2002 567 2111 612 facile

207 631 450 702 conspicitur.
483 631 605 680 XXI,
634 632 692 668 17·
716 632 829 679 βοῶν,
855 630 1027 674 ἀπειλῶν,
1053 631 1233 678 ὀμνύουσι
1259 632 1495 681 παρεστηκώς
1522 638 1602 676 τοῖς
1619 640 1777 681 κριταῖς,
1804 631 1853 669 τὰ
1870 632 2112 681 παρασκήνια

125 695 150 716 ·,
206 705 404 743 φραπων,
437 692 632 737 προσηλῶν
658 689 807 735 ἰδιώτης
832 689 883 727 ὧν
909 688 957 726 τὰ
982 690 1163 757 δημόσια,
1188 689 1289 726 κακα
1315 691 1381 726 καί
1406 691 1610 737 πράγματα
1634 690 1822 737 ἀμύθητα
1846 705 1910 736 μοι
1936 689 2112 738 παρέχων

206 746 416 789 διετέλεσεν.
451 746 609 796 XXIV,
636 749 695 788 90.
720 749 941 786 ἐπιδείκνυσι
966 747 1089 794 μάτην
1107 747 1326 794 ὀμνύοντας,
1353 749 1551 793 τιμῶντας,
1578 749 1809 797 δικάζοντας,
1836 748 2111 796 ὀργιζομένους,

205 806 359 848 ἅπαντα
392 808 594 850 ποιούντας
627 806 732 852 ἰμᾶς.
784 804 843 843 Cf.
877 812 1078 855 praeterea
1108 806 1345 843 verbosiores
1378 805 1447 843 hos
1479 806 1599 844 locos:
1639 807 1806 854 XXIX,
1848 809 1895 843 55
1928 813 1967 843 et
1998 807 2110 854 LXI,

122 865 126 869 ’
160 887 170 892 »
208 864 374 914 27—31,
412 878 488 914 quo
521 865 696 915 proximo
724 865 796 902 etsi
822 878 898 902 nou
925 878 1016 901 vera
1040 864 1221 915 asyndeta
1247 865 1394 912 insunt,
1435 865 1616 912 quoniam
1642 865 1736 913 quid
1764 866 1930 902 virorum
1959 865 2110 902 illorum

208 924 354 976 animos
385 924 481 962 adeo
508 924 790 961 confirmaverit
815 924 915 961 κατα
942 924 1065 973 φυλὰς
1092 925 1309 972 expositum
1335 924 1383 959 iri
1405 926 1483 971 jam
1516 925 1707 972 prioribus
1739 925 1945 972 indicatur,
1984 931 2110 961 tamen

17 972 55 1023 :331⁴
86 1020 88 1022 .
166 1024 172 1028 ,
208 983 445 1030 enumeratio
478 981 607 1019 decem
632 982 804 1019 tribuum
830 982 1045 1030 atticarum,
1072 982 1188 1019 verbo
1214 982 1439 1030 praesertim
1466 994 1615 1030 semper
1641 983 1850 1026 ἁσυνὸέτως
1876 983 2109 1032 praeposito,

0 1049 71 1085 ξςςΐ
111 1057 113 1059 ·
208 1041 384 1080 eximiam
410 1040 529 1077 habet
554 1040 787 1090 dignitatem.
842 1042 938 1077 Arte
963 1053 1037 1076 non
1064 1042 1189 1078 minus
1216 1040 1427 1076 admirabili
1454 1040 1512 1086 II,
1540 1041 1597 1077 25.
1624 1040 1832 1086 μελλόντων
1859 1041 2001 1083 αὐτῶν,
2033 1040 2110 1076 ἑτέ-

0 1094 89 1145 ;“’
204 1112 295 1147 ρους
317 1097 424 1141 ’τινάς
449 1100 669 1144 ἐλπιζόντων
695 1099 864 1147 πράξειν,
897 1098 1125 1144 αἰτιωμένων
1151 1098 1352 1142 ἀλλήλους,
1378 1098 1599 1146 κρινόντων,
1626 1098 1737 1135 πάλιν
1762 1098 1997 1143 ἐλπιζόντων,
2023 1113 2108 1143 σχε-

148 1161 153 1162 ’
205 1155 274 1195 δὸν
304 1156 427 1194 ταῦτα
455 1155 548 1206 ἅπερ
583 1159 664 1194 νυνὶ
697 1158 903 1194 ποιούντων
936 1155 1034 1200 ἄπας
1067 1155 1087 1193 ὁ
1116 1156 1252 1205 χρόνος
1279 1155 1500 1201 διελήλυθεν
1526 1156 1736 1205 participiis
1765 1156 1965 1194 cumulatis
1991 1157 2109 1205 signi-

205 1214 363 1262 ficatur,
402 1228 516 1263 quam
542 1214 793 1251 Athenienses
831 1216 871 1251 in
904 1220 1009 1252 tanto
1043 1227 1168 1251 rerum
1202 1214 1416 1252 discrimine
1444 1216 1591 1251 consilii
1618 1228 1658 1251 se
1686 1216 1819 1263 inopes
1845 1215 2109 1263 praestiterint.

0 1309 31 1326 w.
205 1271 267 1310 Cf.
294 1274 407 1311 etiam
431 1271 557 1321 XIX,
586 1274 670 1309 114.
708 1275 949 1320 πυροπωλῶν,
982 1275 1207 1319 οἰκοδομῶν,
1240 1274 1463 1320 βαδιεῖσθαι
1491 1272 1673 1322 φάσκων,
1706 1274 1776 1310 κᾶν
1802 1274 1852 1319 μὴ
1875 1274 2109 1319 χειροτονῆτε

0 1333 54 1381 Ξῖ-.
204 1333 308 1382 ὑμεῖς
338 1334 523 1380 ξυληγῶν,
561 1332 605 1370 τὸ
630 1337 788 1381 χρυσίον
812 1333 1162 1380 καταλλαττόμενος
1188 1333 1356 1382 φανερῶς
1382 1335 1439 1369 ἐπὶ
1465 1338 1548 1375 ταῖς
1574 1330 1786 1380 τραπέζαις,
1820 1339 1857 1370 et
1881 1331 2023 1380 XXII,
2051 1332 2112 1370 68.

0 1392 11 1408 ”³
206 1391 309 1431 Sunt
346 1395 473 1430 autem
504 1403 595 1427 vera
626 1391 726 1427 inter
760 1391 965 1439 participia
997 1390 1184 1439 asyndeta
1216 1390 1369 1427 omnino
1403 1403 1480 1426 non
1506 1391 1561 1427 ita
1585 1392 1723 1438 multa,
1762 1390 1947 1439 siquidem
1974 1392 2008 1426 ei
2034 1390 2110 1426 loci

205 1450 347 1499 quibus
373 1449 577 1499 participia
603 1450 683 1486 sive
709 1455 924 1498 temporum
952 1455 1041 1487 sunt
1066 1448 1302 1487 diversorum
1330 1449 1407 1487 sive
1436 1462 1512 1485 non
1540 1448 1699 1486 eandem
1718 1449 1766 1486 ad
1785 1449 1943 1486 verbum
1960 1449 2110 1485 finitum

204 1509 393 1547 rationem
430 1507 571 1545 habent
603 1508 681 1545 sive
714 1508 819 1545 aliud
850 1508 925 1545 alio
960 1507 1171 1545 accuratius
1204 1507 1437 1544 definiuntur
1463 1507 1541 1544 sive
1568 1509 1666 1544 inter
1692 1521 1731 1546 se
1759 1513 2019 1557 opponuntur,
2060 1506 2107 1543 ab

206 1569 262 1606 eis
288 1568 499 1606 abhorrent
526 1580 622 1615 quae
648 1567 696 1604 de
723 1581 814 1604 vero
838 1567 1022 1617 asyndeto
1049 1573 1139 1604 sunt
1165 1580 1281 1615 supra
1307 1573 1522 1615 praecepta.
1579 1566 1781 1605 Praeterea
1808 1567 2012 1615 separatim
2039 1579 2109 1603 no-

203 1627 329 1664 tiones
353 1626 439 1663 illas
465 1627 624 1662 τοιαῦτα
652 1626 719 1674 (of.
744 1625 863 1672 XIX,
890 1626 979 1673 295)
997 1625 1055 1661 vel
1074 1625 1121 1661 τὰ
1141 1627 1299 1661 τοιαῦτα
1318 1626 1383 1672 (ef.
1404 1625 1516 1671 VIII,
1544 1626 1603 1663 25.
1639 1625 1732 1671 XX,
1761 1626 1842 1663 122.
1877 1624 1994 1670 XXI,
2024 1625 2108 1660 136.

203 1684 339 1732 XXV,
368 1684 444 1733 36.)
471 1690 508 1721 et
534 1683 632 1721 ἄλλα
659 1685 722 1732 (of.
750 1684 826 1731 IX,
854 1685 913 1721 52.
950 1683 1068 1730 XIX,
1095 1684 1184 1732 228)
1211 1683 1268 1720 vel
1296 1684 1417 1721 τᾶλλα
1445 1684 1509 1731 (of.
1535 1683 1565 1730 Ι,
1593 1684 1628 1721 9.
1669 1683 1741 1730 IX,
1769 1685 1825 1721 39.
1853 1685 1911 1722 64.
1946 1681 2109 1727 XXIII,

204 1741 296 1792 207)
329 1747 367 1779 et
397 1741 522 1779 πάντα
548 1743 669 1778 ταῦτα
696 1743 761 1790 (of.
788 1742 945 1788 XVIII,
972 1743 1062 1790 249)
1088 1740 1296 1784 ασυνδέτως
1322 1741 1471 1778 additas
1498 1742 1661 1778 breviter
1686 1755 1946 1778 commemoro.
1999 1740 2109 1776 Idem

67 1844 71 1848 j
203 1802 407 1852 attingitur
433 1814 456 1838 a
481 1799 649 1838 Webero
666 1801 705 1838 in
725 1800 936 1839 Commeat.
962 1802 1003 1837 in
1030 1798 1137 1839 Orat.
1163 1799 1281 1838 Arist.
1308 1814 1346 1849 p.
1373 1800 1445 1837 378
1469 1814 1525 1849 sq.

100 1837 111 1885 ξ
303 1859 508 1908 Reliquum
535 1865 592 1897 est
617 1865 659 1896 ut
686 1859 733 1896 de
760 1860 827 1896 illo
855 1859 1039 1909 asyndeto
1058 1871 1301 1907 exponamus,
1329 1859 1434 1906 quod
1453 1859 1497 1895 fit
1514 1873 1581 1908 per
1599 1861 1711 1896 verba
1729 1866 1899 1908 tempore
1916 1860 2109 1897 distincta.

0 1954 4 1958 .
48 1967 51 1969 v
208 1917 297 1965 Quo
321 1920 400 1968 jam
426 1930 543 1967 supra
568 1917 766 1955 docuimus
793 1918 903 1966 effici,
931 1924 973 1956 ut
998 1923 1064 1954 aut
1091 1931 1133 1954 ea
1161 1931 1255 1966 quae
1282 1930 1413 1954 revera
1438 1931 1514 1954 non
1541 1919 1613 1955 nisi
1639 1918 1743 1955 aliud
1770 1925 1857 1967 post
1883 1917 1989 1955 aliud
2007 1918 2109 1954 facta

0 1981 51 2014 τέ
84 2006 86 2008 .
208 1990 294 2016 esse
325 1977 474 2026 possint
512 1976 715 2014 videantur
748 1978 787 2014 in
821 1991 941 2015 unum
973 1977 1081 2025 quasi
1113 1983 1264 2025 tempus
1300 1976 1467 2014 incidere
1500 1978 1560 2014 vel
1590 1977 1789 2014 intervallo
1823 1977 1975 2025 quidem
2001 1977 2107 2013 nullo

81 2031 83 2033 ’
208 2036 310 2073 inter
340 2049 381 2074 se
413 2035 627 2072 continuari
661 2042 727 2073 aut
759 2036 928 2073 narratio
963 2049 1079 2083 quam
1112 2035 1305 2072 celerrime
1332 2049 1416 2072 oum
1443 2048 1586 2073 summa
1611 2036 1850 2085 singularum
1875 2037 2042 2084 partium
2069 2036 2107 2072 vi

205 2094 255 2131 ad
284 2094 397 2131 finem
423 2094 664 2143 perducatur.
717 2094 824 2140 Quae
852 2108 938 2131 oum
964 2096 1018 2131 ita
1043 2095 1137 2140 sint,
1172 2106 1247 2129 non
1275 2094 1489 2140 miraberis,
1518 2107 1636 2142 pauca
1662 2100 1808 2131 tantum
1835 2095 1998 2143 reperiri
2025 2097 2107 2143 ejus

194 2152 383 2203 rasyndeti
406 2152 579 2202 exempla
604 2166 673 2191 nec
694 2155 733 2190 in
759 2154 818 2191 his
847 2153 954 2201 quod
980 2166 1066 2190 cum
1092 2152 1157 2189 illo
1184 2153 1316 2200 „veni,
1358 2153 1457 2199 vidi,
1496 2154 1594 2189 vici“
1623 2153 1742 2201 possit
1768 2154 1994 2202 comparari.
2047 2152 2106 2191 Cf.

201 2210 336 2259 XIX,
352 2212 409 2249 76.
434 2210 540 2248 πέντε
563 2213 637 2259 γὰρ
664 2211 794 2261 ἡμέραι
820 2212 997 2258 γεγόνασι
1024 2211 1149 2258 μόναι,
1175 2216 1212 2247 ὲν
1238 2211 1299 2253 αἶς
1326 2207 1434 2254 οὗτος
1463 2211 1656 2258 ἀπήγγειλε
1683 2214 1732 2248 τα
1752 2215 1884 2259 ψευδῆ,
1912 2213 2013 2258 ὑμεῖς
2030 2217 2106 2249 ἑπι-

202 2269 398 2314 στεύσατε,
426 2274 463 2308 οἱ
490 2271 633 2315 Φωκεῖς
658 2273 864 2314 ἐπύθοντο,
893 2270 1088 2314 ἐνέδωκαν,
1115 2269 1320 2307 ἀπώλοντο.
1374 2269 1449 2318 ΙΧ,
1477 2270 1534 2305 27.
1561 2272 1621 2319 ὲφ“
1644 2269 1922 2314 Ἑλλήσποντον
1947 2276 2108 2321 οἴχεται,

201 2329 380 2379 πρότερον
412 2324 498 2374 ἧκεν
528 2329 582 2366 ἐπ’
606 2328 858 2379 Ἀμβρακίαν,
893 2323 1002 2366 Ἦλιν
1028 2332 1102 2374 ἔχει
1130 2329 1353 2373 τηλικαύτην
1381 2330 1486 2365 πόλιν
1512 2334 1549 2365 ἐν
1575 2330 1871 2377 Πελοποννήσῳ,
1911 2331 2108 2378 ,Μεγάροις

201 2386 444 2433 ἐπεβούλευσε
475 2388 618 2435 πρώην,
658 2386 743 2425 οὗθ’
781 2387 803 2432 ἡ
831 2388 968 2431 Ἑλλὰς
1000 2388 1092 2425 οὗθ’
1125 2387 1146 2431 ἡ
1175 2388 1368 2436 βάρβαρος
1394 2388 1459 2431 τὴν
1485 2388 1697 2432 πλεονεξίαν
1721 2395 1839 2436 χωρεῖ
1860 2388 2106 2436 τάνθρώπου.

203 2441 334 2491 Quam
364 2446 517 2495 egregie
547 2445 621 2484 hoc
652 2446 735 2483 loco
763 2445 953 2496 asyndetis
980 2459 1065 2483 cum
1090 2445 1212 2495 figura
1236 2459 1335 2494 quae
1363 2445 1501 2482 dicitur
1528 2445 1801 2493 ἐπιτροχασμός
1827 2446 1889 2483 vel
1915 2445 2106 2494 ἑπιτρέχον

201 2502 301 2546 εἶδος
335 2505 546 2552 conjunctis
577 2505 799 2543 insatiabilis
832 2505 898 2542 illa
930 2504 1100 2553 Philippi
1134 2505 1291 2540 avaritia
1324 2504 1562 2553 depingitur,
1605 2517 1681 2551 qua
1712 2504 1894 2542 incitatus
1923 2511 2002 2542 tum
2029 2505 2105 2542 huc

203 2565 287 2598 tum
322 2562 416 2600 illuc
443 2564 583 2613 reptim
609 2563 825 2602 contendat!
865 2562 1025 2610 XVIII,
1054 2563 1137 2601 215.
1170 2563 1279 2599 ,Μετὰ
1305 2566 1426 2600 ταῦτα
1453 2567 1578 2600 τοίνυν
1605 2564 1761 2600 ἐκάλουν
1792 2564 1885 2609 ὑμᾶς
1912 2568 1975 2601 καὶ
2002 2579 2105 2609 „uere-
