2530 3125
444 294 453 300 Δ
585 241 659 285 25.
652 238 718 284 ὀὗ
736 242 784 284 3⁴
791 214 973 293 ὲγὸοὶμᾷὴ
984 242 1122 293 εἴθ’ᾦος
1145 242 1277 299 ἅπασι,
1302 250 1384 288 τοῖς
1403 242 1548 291 νόμοις,
1572 246 1627 293 τῷ
1650 243 1789 305 χρόνῳ,
1800 247 1870 295 τῇ·
1866 247 2111 295 προθεσμίᾳ,

496 305 602 353 ’περὶ
617 302 774 346 πάντων
789 303 970 347 πολλάκις
986 302 1177 353 πρότερον,
1203 305 1256 351 τῷ
1273 300 1510 351 μηδεπώποτε
1527 295 1804 352 ὲξελεγχᾶῆνᾶι.
1837 303 2002 355 XXIII,
2027 306 2113 347 207.

388 383 420 420 '.⁴
584 361 902 410 οἰκοδομήματα
899 364 977 400 καὶ
1001 362 1375 410 κατασκευάσματα.
1423 390 1431 399 .
1453 390 1475 406 .,
1501 365 1715 411 προπύλαια
1740 366 1875 409 ταῦτα,
1901 366 2111 409 νεώσοικοι,

283 434 318 454 ³
361 429 483 456 2:³⁴·
480 422 575 468 εὺς,
599 421 731 460 τᾶλλα.
765 421 839 470 III,
866 422 925 462 21.
948 421 1014 471 .,X
1044 423 1100 462 10.
1137 420 1293 470 XVIII,
1313 422 1370 462 69.
1389 393 1448 459 96.
1467 422 1550 462 139.
1569 422 1651 463 309
1686 422 1801 472 XIX,
1820 424 1903 463 228.
1923 425 2006 466 229.
2026 425 2112 463 311.

183 478 313 535 ΣΧ,
339 482 423 519 122
473 481 592 529 XXI,
621 483 703 520 106.
752 481 885 528 ΧΧΠ,
912 482 971 517 76.
1014 481 1177 529 XXIII,
1207 482 1289 518 123.
1319 483 1399 518 189.
1425 483 1509 520 207
1552 482 1709 529 XXIV
1740 486 1821 522 101
1851 484 1931 520 184.
1974 484 2111 532 XXV,

197 545 252 587 fio.
273 510 361 583 Q.
368 539 510 589 XLV,
543 540 601 580 28.
652 538 788 588 LVII,
821 542 880 580 24.
937 539 1032 589 LX,
1065 541 1124 577 27.
1158 538 1248 577 Jam
1280 539 1328 577 ad
1354 554 1485 578 verum
1511 540 1719 591 asyndeton
1746 547 1917 579 revertor
1943 544 2111 581 trimem-

214 601 295 640 bre.
330 599 450 650 Cujus
476 605 682 649 postquam
709 613 752 636 ea
778 600 951 648 exempla
976 600 1090 637 modo
1118 600 1271 649 protuli,
1298 600 1436 648 quibus
1462 602 1615 637 nomina
1641 602 1700 639 vel
1728 601 1802 638 alia
1820 602 2009 639 vocabula
2027 615 2111 639 cum

213 660 366 701 illorum
404 660 442 697 vi
478 664 661 709 usurpata
699 665 981 708 enumerantur,
1021 672 1119 697 nune
1150 672 1193 697 ea
1222 658 1357 708 affero,
1397 660 1536 709 quibus
1571 660 1688 698 verba
1715 661 2002 699 continuantur.
2054 660 2112 699 Cf.

203 719 391 770 21V,34.
428 718 549 768 ὥσπερ
583 720 648 757 τὸν
679 719 924 769 παρελθόντα
952 719 1092 768 χρόνον
1124 724 1174 762 εἰς
1199 722 1355 785 Λῆμνον
1386 723 1450 757 καὶ
1472 720 1626 770 Ιμβρον
1652 721 1822 769 ἐμβαλών
1849 721 2113 768 αἰχμαλώτους

214 783 370 826 πολίτας
396 777 592 830 ὑμετέρους
618 778 728 827 ᾤχετ’
753 782 865 824 ἔχων,
892 779 982 828 πρὸς
1008 779 1060 827 τῷ
1087 780 1278 829 Γεραιστῶ
1306 778 1355 816 τά
1381 782 1494 817 πλοῖα
1516 779 1712 828 συλλαβῶν
1738 779 1924 827 ἀμύθητα
1950 778 2106 854 χρήματ’

214 839 368 887 ἐξέλεξε,
406 839 456 876 τά
491 841 686 875 τελευταῖα
724 842 774 881 εἰς
806 840 1043 884 Μαραθῶνα
1080 836 1198 885 ἀπέβη
1229 840 1292 874 καὶ
1326 838 1391 882 την
1418 838 1519 887 ἱεράν
1542 839 1616 875 ἀπὸ
1643 842 1706 883 τῆς
1730 841 1856 890 χώρας
1884 839 1989 887 ᾤχετ’
2016 843 2112 885 ἔχων

215 899 355 952 τριήρη,
382 896 520 948 quibus
545 896 672 934 verbis
699 910 814 946 quam
842 896 994 947 egregie
1020 896 1178 935 audacia
1204 896 1373 946 Philippi
1400 903 1437 934 et
1462 897 1751 936 Atheniensium
1778 898 1953 937 socordia
1979 898 2110 948 depin-

214 964 327 1010 gatur
358 956 620 996 Rehdantzius
659 961 763 993 recte
805 956 992 1004 exposuit.
1045 956 1120 1003 VI,
1162 958 1218 993 19.
1257 957 1320 993 διά
1352 956 1458 993 ταῦτ’
1490 958 1702 1006 ἐγρήγορεν,
1739 958 1951 1007 ἐφέστηκεν,
1982 961 2039 995 επὶ
2065 960 2110 1005 τῇ

214 1018 319 1057 πόλει
340 1014 542 1064 θεραπεύει
568 1016 681 1059 τινάς.
724 1013 830 1062 XIX,
856 1019 918 1055 23.
943 1013 1072 1063 ἐβόων,
1099 1014 1290 1064 ἐξέκρουόν
1315 1029 1371 1061 με,
1399 1017 1631 1059 τελευτῶντες
1660 1018 1868 1062 ἐχλεύαζον.
1913 1016 1996 1053 338.
2023 1016 2109 1060 τοὺς

214 1076 248 1115 δ’
273 1074 536 1122 αἰχμαλώτους
560 1076 782 1139 ἐθαύμασα,
809 1078 946 1121 ἔσωσα,
973 1074 1248 1120 ὑπεστειλάμην.
1299 1073 1410 1121 XXI,
1436 1076 1493 1112 17.
1520 1075 1585 1111 τὸν
1611 1075 1915 1123 ἐστεφανωμένον
1939 1076 2110 1123 ἄρχοντα

214 1132 420 1185 διέφθειρε,
445 1132 531 1177 τοὺς
555 1132 742 1182 χορηγοὺς
767 1133 923 1180 συνῆγεν
948 1135 1003 1170 ἐπ’
1030 1133 1125 1179 ἐμὲ.
1189 1162 1197 1172 .
1225 1159 1246 1175 .,
1273 1132 1375 1169 κακά
1401 1135 1465 1169 καὶ
1492 1133 1695 1180 πράγματα
1722 1132 1798 1179 άμυ
1791 1135 1909 1178 ’θητά
1935 1146 1997 1179 μοι
2017 1146 2109 1182 παρ-

215 1192 311 1240 έχων
344 1191 553 1230 διετέλεσεν.
606 1192 687 1231 120.
726 1191 773 1228 ἂν
804 1194 838 1228 δ’
871 1192 1015 1237 ἐπεξίω,
1049 1190 1201 1229 λέλοιπα
1233 1192 1299 1237 τὴν
1326 1190 1449 1237 τάξιν,
1484 1194 1606 1241 φόνου
1632 1195 1815 1235 κοινωνῶ,
1848 1195 1905 1229 δεῖ
1928 1208 1971 1239 με
1998 1193 2108 1239 ἀνηρ-

214 1251 380 1291 πάσθαι.
431 1250 574 1289 Eodem
602 1250 730 1299 modo,
756 1263 831 1299 quo
858 1250 973 1288 verba
997 1250 1101 1288 finita
1126 1250 1201 1289 illis
1227 1251 1334 1298 10016,
1362 1251 1535 1288 infinitivi
1562 1251 1817 1291 cumulantur:
1848 1251 1900 1299 ΙΙ,
1928 1252 1985 1288 27.
2012 1253 2108 1301 φημὶ

214 1310 259 1356 δὴ
297 1312 374 1348 δεῖν
406 1309 587 1360 εἰσφέρειν
615 1311 810 1360 χρήματα,
849 1310 986 1353 αὐτοὺς
1012 1309 1143 1355 ἐξιέναι
1169 1310 1393 1357 προθύμως,
1426 1309 1548 1356 μηδέν’
1575 1312 1790 1347 αἰτιᾶσθαι.
1842 1311 1898 1349 30.
1939 1310 2108 1357 ἀναγκά-

200 1371 351 1418 ζεσθαι
372 1377 628 1419 τριηραρχεῖν,
653 1367 850 1419 εἰσφέρειν,
879 1370 1164 1419 στρατεύεσθαι.
1218 1368 1373 1419 XVIII,
1403 1374 1484 1410 195.
1518 1371 1661 1415 στῆναι,
1689 1371 1899 1418 συνελθεῖν,
1925 1369 2108 1407 ἀναπνεῦ-

214 1444 292 1467 σαι.
341 1429 452 1475 XIX,
480 1430 538 1465 74.
567 1428 722 1471 Φωκέας
747 1429 899 1475 σώσειν,
925 1429 990 1473 τὴν
1016 1431 1207 1466 Βοιωτίαν
1235 1431 1393 1475 οἰκίζειν,
1422 1428 1506 1474 ὑμῖν
1533 1428 1581 1464 τα
1607 1428 1808 1477 πράγματα
1835 1434 1953 1465 οἰκεῖα
1980 1435 2108 1467 ποιεῖν.

216 1492 299 1528 118.
326 1487 485 1533 ἀδοξεῖν,
512 1489 724 1535 κρίνεσθαι,
750 1486 907 1532 πάσχειν
934 1486 1070 1525 ὁτιοῦν.
1095 1510 1143 1515 -
1170 1486 1377 1537 Participia
1402 1500 1492 1524 vero
1520 1486 1593 1523 tria
1617 1485 1823 1530 ἀσυνδὲτως
1850 1487 1946 1524 111101·
1964 1499 2002 1524 60
2021 1498 2107 1524 6110-

215 1547 389 1585 cedentia
435 1545 614 1595 legimus:
665 1545 784 1593 VIII,
828 1547 887 1585 36.
931 1547 1030 1592 ὑμῶν
1070 1552 1165 1583 οἴκοι
1204 1547 1408 1593 μενόντων,
1446 1547 1586 1590 σχολὴν
1627 1546 1815 1592 ἀγόντων,
1855 1546 2110 1592 ὑγιαινόντων.

214 1606 323 1653 XIX,
362 1606 446 1644 304.
485 1607 677 1652 πορεύεται
713 1604 918 1651 θοίμάτιον
944 1607 1077 1648 καθεὶς
1104 1605 1191 1654 ἀχρὶ
1218 1608 1290 1643 τῶν
1318 1608 1489 1654 σφυρῶν,
1527 1610 1592 1643 ι”σα
1617 1606 1755 1651 βαίνων
1784 1607 2001 1647 Πυθοκλεῖ,
2041 1603 2109 1647 τας

213 1665 388 1712 γνάθους
413 1666 556 1713 φυσῶν.
606 1663 732 1709 XXV,
763 1664 821 1699 50.
847 1663 914 1705 τάς
941 1665 978 1699 δὲ
1003 1664 1191 1710 κληρωτάς
1217 1664 1338 1711 ἀρχάς
1364 1664 1597 1711 σπαράττων,
1631 1666 1762 1704 αἰτῶν,
1788 1664 2018 1707 εἰσπράττων
2039 1661 2109 1709 ἀρ-

214 1724 354 1775 γύριον.
403 1721 476 1761 Η16
500 1735 650 1771 quoque
677 1721 856 1772 exemplis
883 1721 956 1759 alia
982 1719 1120 1759 addere
1147 1721 1259 1760 velim
1286 1721 1485 1769 nonnulla,
1516 1735 1627 1771 quae,
1656 1734 1741 1759 cum
1768 1720 1880 1758 verba
1907 1720 1989 1758 sine
2018 1732 2108 1769 par-

214 1782 343 1820 tioulis
369 1781 523 1831 quidem
549 1782 831 1829 continuentur,
859 1781 926 1818 sed
951 1786 1078 1817 tamen
1104 1782 1179 1818 sint
1205 1783 1256 1819 eis
1285 1794 1382 1829 quae
1403 1782 1638 1831 praecedunt
1655 1781 1832 1827 indicata,
1861 1793 1935 1816 non
1955 1781 2104 1828 possint

214 1841 265 1881 ad
290 1855 422 1879 verum
448 1841 658 1892 asyndeton
684 1841 829 1879 referri.
879 1840 987 1888 XIX,
1021 1842 1101 1880 190.
1127 1841 1147 1885 ἡ
1173 1842 1288 1888 βουλὴ
1316 1841 1437 1878 ταῦτα
1463 1843 1599 1883 ταῦτα,
1638 1840 1818 1887 εἰσιτηρια
1845 1842 1981 1882 «ἔθυσε,
2020 1854 2108 1876 συν-

198 1902 408 1945 ειστιάθη,
434 1903 615 1944 σπονδῶν,
648 1902 753 1949 ἱερῶν
776 1895 1042 1944 ‹inocvm'vmrw¹
1076 1899 1182 1948 XIV,
1211 1904 1268 1938 11.
1321 1900 1375 1947 ΙΙ,
1405 1901 1460 1938 13.
1511 1898 1632 1947 XXV,
1662 1901 1717 1937 14.
1745 1899 1802 1935 52.
1855 1897 2105 1935 Verbosiores

213 1961 327 2012 hujus
354 1960 458 1999 modi
482 1961 557 1999 loci
581 1959 736 2008 XVIII,
764 1960 847 1997 296.
897 1957 1032 2008 LVII,
1059 1961 1116 1999 56.

313 2021 375 2058 De
408 2020 708 2069 quadrimembri
741 2019 927 2069 asyndeto
960 2018 1263 2069 Naegelsbaehio
1298 2032 1375 2056 non
1407 2020 1550 2068 pariter
1582 2032 1625 2056 ac
1657 2019 1702 2055 de
1737 2018 1870 2055 ceteris
1904 2018 2107 2067 generibus

214 2080 392 2119 assentiri
417 2093 582 2129 possum.
620 2080 660 2118 Is
686 2080 786 2117 enim
812 2080 883 2117 0161
908 2079 1081 2128 exempla
1107 2092 1162 2126 ea,
1190 2078 1326 2127 quibus
1354 2079 1474 2116 voluit
1500 2079 1724 2117 sententiam
1751 2091 1858 2116 suam
1887 2077 2107 2125 defendere,

212 2140 293 2179 fere
325 2140 449 2178 omnia
486 2140 680 2190 aptissime
706 2139 867 2190 delegit,
900 2144 1025 2177 tamen
1051 2152 1127 2176 non
1163 2138 1343 2189 intellego
1371 2138 1562 2187 quomodo
1589 2152 1631 2175 ea
1657 2151 1753 2187 quae
1781 2150 1864 2176 sum
1892 2151 1937 2174 ex
1964 2136 2107 2174 Demo-

215 2199 346 2237 sthene
378 2213 448 2249 ego
483 2200 666 2237 allaturus
699 2213 767 2236 sua
798 2200 944 2236 ratione
977 2200 1098 2247 possit
1130 2199 1328 2246 explicare.
1380 2199 1505 2236 Docet
1536 2204 1661 2235 autem
1688 2199 1744 2234 vir
1770 2198 1831 2234 ille
1858 2197 2106 2235 doctissimus

197 2259 255 2298 -in
279 2259 453 2298 Excursu
478 2272 595 2309 supra
621 2264 914 2298 commemorato
939 2273 975 2309 p.
1002 2258 1072 2298 289
1101 2264 1138 2296 et
1162 2258 1200 2295 in
1220 2258 1313 2296 Arte
1331 2259 1405 2297 stil.
1424 2258 1486 2296 lat.
1505 2273 1540 2308 p.
1558 2259 1643 2306 485,
1670 2256 1973 2307 quadrimembre
1992 2270 2106 2307 asyn-

213 2318 329 2356 deton
360 2319 455 2355 nihil
484 2319 587 2355 aliud
620 2332 733 2367 quam
764 2319 987 2356 bimembria
1020 2319 1096 2355 duo
1131 2319 1347 2366 complecti,
1387 2331 1549 2366 quorum
1576 2318 1738 2354 alterum
1765 2331 1877 2354 sensu
1905 2317 1952 2353 ab
1983 2317 2104 2353 altero

200 2376 385 2426 differat,
423 2384 461 2417 et
495 2378 659 2428 exempli
691 2378 814 2429 gratia
845 2392 931 2417 cum
961 2378 1035 2416 alia
1067 2377 1176 2416 affert
1217 2384 1299 2415 tum
1333 2377 1625 2416 Cieeronianum
1659 2376 1755 2415 illud
1784 2376 1902 2426 „abiit
1929 2376 2105 2425 excessit,

213 2439 335 2475 evasit
357 2439 519 2487 erupit“.
571 2437 648 2475 Sed
673 2438 759 2474 Vide
784 2438 898 2485 XIV,
926 2439 984 2475 32.
1012 2442 1067 2479 τίς
1092 2432 1156 2472 οὖν
1184 2438 1298 2479 οὕτως
1324 2440 1506 2481 δυστυχής
1532 2442 1632 2473 ἐστιν
1659 2437 1760 2479 ὅστις
1786 2437 1934 2477 ἑαυτὸν,
1960 2436 2106 2481 γονέας,

200 2497 377 2547 admove,
409 2500 572 2546 πατρίδα
597 2501 704 2536 ἕνεκα
729 2495 880 2545 κέρδους
906 2495 1065 2546 θραχέος
1091 2493 1280 2545 προέσθαι
1307 2497 1538 2543 βουλήσεται.
1593 2494 1719 2544 Quam
1747 2494 1864 2534 habes
1891 2494 2107 2544 bipertitio-

203 2557 324 2595 mem'?
363 2556 470 2596 Num
495 2557 535 2595 in
562 2570 606 2596 eo
632 2557 731 2595 hanc
757 2556 862 2594 cerni
882 2555 1099 2603 contendes,
1125 2554 1227 2603 quod
1253 2555 1418 2604 primum
1444 2568 1578 2593 nomen
1606 2561 1644 2592 01
1670 2555 1881 2593 seeundum
1908 2554 1957 2591 ad
1984 2554 2105 2590 homi-

1862 2625 1910 2664 3*
